2806 4896
463 424 753 495 sufloulh.
1068 418 1118 491 47

163 606 204 690 7,
218 607 258 669 10
282 606 554 689 Λυκοῦργον]
569 620 625 688 pro
638 604 788 688 Lycophr.
800 600 917 686 p.30‚3
936 597 999 671 adu
1017 596 1119 668 οἲαεί-

98 733 162 792 ρως
183 714 266 797 ἔχων
288 710 352 775 τοῦ
375 711 498 794 λέγειν,
516 705 642 782 εἰωθώς
658 707 693 775 tt
705 702 868 780 πολλάκις
881 699 1120 789 ἀφανίζεσθαι.

165 811 193 892 7,
218 807 259 874 13
281 811 445 896 ἐτιεικῆ]
468 812 553 874 Hanc
575 811 704 875 formam
725 810 852 893 reduxi,
879 809 950 873 lioet
975 807 1115 870 librarius

98 912 275 993 significarit
307 914 365 979 sihi
397 915 528 999 ἐπιεικῆ
562 914 663 996 potius
692 913 887 978 scribendum
921 912 1024 975 fuisse.
1076 909 1119 973 Aa

31 1071 33 1078 ,
99 1017 182 1080 idem
212 1018 243 1080 iu
279 1027 357 1083 orat.
393 1036 449 1099 pro
485 1017 635 1100 Lycophr.
666 1017 725 1101 28,
757 1016 779 1079 'i
811 1025 842 1081 et
872 1014 911 1079 14
942 1022 972 1078 et
1006 1013 1119 1095 ἐπεικῆ

100 1126 132 1182 et
153 1120 322 1187 ἐπείκειαν
343 1122 456 1185 intacta
485 1122 622 1204 reliquit,
652 1131 684 1186 ui
713 1123 743 1184 iu
774 1120 941 1202 archetypo
973 1119 1014 1181 ita
1041 1136 1118 1198 rep·

10 1280 11 1286 ,
98 1222 218 1303 perisse
241 1232 395 1305 appareat.
440 1223 615 1289 Cuiusmodi
636 1225 762 1304 formas,
778 1224 838 1288 fide
864 1223 1019 1286 titulorum
1046 1221 1119 1282 viu-

99 1324 214 1388 dioavit
235 1333 266 1389 et
288 1327 458 1394 ἐπείνειαν
478 1328 589 1392 Bebrio
612 1328 766 1392 redhibuit
786 1328 822 1391 Α.
843 1325 996 1390 Nauokius
1017 1322 1119 1386 Philot.

98 1430 162 1493 voi.
185 1429 207 1512 1,
236 1449 265 1511 p.
288 1429 361 1494 356.
410 1431 510 1514 Pagus
532 1432 650 1498 Attious
673 1433 808 1497 similiter
838 1431 889 1495 vel
914 1423 1122 1495 Ἐπιεικίδαι

99 1526 152 1594 vel
172 1530 364 1599 ’Euataidut
388 1535 538 1598 scribitur.

166 1640 196 1726 8,
218 1643 239 1706 6
261 1649 621 1741 ἐγκατακλιθῆναι
644 1653 702 1722 εἰς
724 1641 769 1715 ad
792 1641 917 1732 ἱερὸν]
937 1644 1120 1726 Amphiarai,

101 1745 186 1828 quod
210 1746 354 1827 templum
378 1757 445 1812 erat
469 1750 551 1814 haud
572 1753 680 1833 praeut
693 1749 806 1831 Oropo.
851 1751 897 1811 De
913 1749 1036 1812 oraculo
1051 1747 1122 1811 vide

103 1866 182 1932 quae
205 1848 293 1914 affert
312 1849 504 1918 Hermaunus
525 1852 650 1936 Antiqq.
672 1871 752 1917 sacr.
771 1850 822 1934 41,
845 1851 946 1932 deque
968 1851 1049 1913 omni
1070 1849 1123 1911 hi-

101 1955 195 2017 storia
216 1939 308 2018 urhis
325 1955 641 2044 τιεριμαχητοτάτης
664 1956 919 2039 elegantissimam
941 1952 1123 2036 disputatio-

103 2075 175 2120 nem
197 2055 230 2118 L.
253 2055 379 2119 Prelleri
397 2059 493 2121 nostri
526 2056 666 2139 „Oropos
691 2057 754 2121 und
784 2057 839 2120 das
865 2057 1119 2138 Amphiaraeion“

103 2162 298 2244 inscriptam,
320 2178 399 2242 quae
418 2169 469 2226 est
487 2161 520 2223 iu
540 2160 649 2228 Relatt
672 2161 773 2242 philol.
796 2168 825 2224 et
852 2159 958 2224 histor.
985 2160 1121 2224 societa-

103 2265 143 2327 tis
166 2264 291 2328 litterar.
314 2263 479 2345 Lipsiensis
500 2283 527 2327 a
552 2260 637 2328 1852
658 2282 688 2346 p
711 2261 774 2327 140
796 2282 863 2344 sqq

170 2374 202 2458 8,
226 2371 363 2462 7ὃτφ
385 2373 493 2465 ‹hipp›
514 2372 902 2465 ατιαφγοῑλαι]φ.17,
925 2374 964 2439 15
999 2401 1027 2443 οι
1055 2377 1124 2459 μὲν

100 2470 168 2546 οὖν
188 2482 313 2554 ἔλαθον
335 2479 397 2561 τῆς
419 2479 544 2554 πόλεως
565 2506 662 2557 τινας
693 2475 812 2568 η’τιατο
840 2482 947 2558 εἶναι,
975 2471 1054 2565 παρ’
1076 2501 1122 2544 ον

97 2606 142 2648 τα
176 2579 262 2664 δωρα
293 2577 453 2667 εἰληφότα
487 2575 710 2662 Ενξὲνιτιτιον
743 2583 1025 2669 συναγωνίζεσθαι
1061 2574 1124 2647 αὖ·

101 2697 172 2757 τοῖς
195 2732 281 2763 .....
301 2687 370 2754 νύν
402 2685 438 2752 δὲ
468 2681 684 2769 Ἀθηναιους
707 2686 810 2770 φησλν
842 2687 945 2763 εἶναι,
968 2710 1038 2769 παρ
1076 2673 1122 2750 ὧν

101 2782 164 2860 τοῖς
183 2782 303 2873 dupeoic
327 2777 500 2872 εἰληφέναι
523 2785 642 2855 αὐτόν.

167 2898 196 2983 8,
219 2899 241 2963 8
262 2899 376 2967 τοῦτ’
398 2903 439 2965 εἰ·
456 2895 875 2984 ,ιιὲνιλττιλοΐμβανες
896 2892 1041 2982 οἶληθῆ
1064 2899 1121 2964 οἶ·

103 3030 125 3070 ν
138 3029 160 3070 ο
173 3005 199 3086 ι]
222 2999 276 3070 Αἱ.
294 3000 445 3087 δεύτεραι
470 3003 645 3086 φροντίδες
665 3003 780 3088 librarii
802 2996 933 3086 ἀληθὲς
962 3019 1121 3085 reponen-

102 3108 141 3172 tis
165 3102 205 3174 od
230 3100 423 3191 σοφώτεραι.
473 3102 562 3188 Fugit
590 3124 659 3171 erun
688 3125 763 3171 usus
796 3107 973 3187 exquisitior
1004 3106 1121 3170 formae

12 3244 16 3251 ·
103 3207 234 3295 οἷληθῆ,
267 3229 357 3291 quem
385 3209 531 3292 exemplis
562 3209 725 3274 Platonicis
753 3211 912 3273 illustravit
940 3211 1118 3293 Kruegerus

102 3332 229 3396 gramm.
244 3332 290 3396 gr.
303 3312 354 3395 61,
368 3311 389 3375 8
404 3322 467 3377 uot.
480 3313 510 3398 3,
532 3315 631 3396 qualia
651 3314 729 3378 haeo
752 3322 834 3378 suut:
869 3315 973 3382 τοῦτο
1004 3313 1119 3398 ἀληθῆ

101 3417 209 3502 λέγεις
240 3422 270 3479 et
298 3416 401 3483 τοῦτο
431 3415 537 3493 δοκοῖς
570 3442 630 3500 μοι
664 3409 781 3502 ἀληθῆ
817 3416 925 3499 λέγειν
959 3425 990 3481 et
1017 3417 1121 3482 τούτο

103 3506 267 3586 σκεπτέον
289 3521 320 3584 εἰ
345 3516 460 3604 ἀληθῆ
483 3519 575 3603 λέγω.
616 3520 705 3584 Adde
728 3538 809 3601 quae
831 3519 892 3581 dixi
907 3519 945 3581 ad
962 3517 1118 3598 Sophoclis

99 3620 224 3684 Philoct.
247 3616 320 3683 921.
365 3619 429 3683 Neo
451 3623 507 3684 ista
529 3630 629 3686 tamen
651 3625 773 3705 propria
795 3620 932 3684 ¹Platonis
963 3627 1010 3684 est
1038 3636 1119 3681 cou-

100 3721 247 3804 suetudo,
269 3721 325 3785 sed
348 3739 440 3803 saepe
463 3724 494 3785 in
519 3725 643 3789 aliorum
665 3727 846 3808 scriptorum
874 3721 958 3785 lihris
985 3721 1035 3784 vel
1057 3722 1118 3784 ob·

100 3832 225 3892 souraia
254 3845 272 3890 a
299 3826 429 3891 librariis
455 3829 505 3891 vei
538 3832 575 3893 ah
605 3832 771 3895 editoribus
801 3835 912 3908 spreta.
966 3826 1065 3892 Veluti
1086 3830 1117 3892 in

99 3931 240 3994 oratioue
267 3928 469 4012 Hegesippea
489 3931 528 3996 de
553 3934 706 3998 Haloneso
736 3932 778 3996 43
810 3951 839 4013 p.
863 3929 905 3993 87
935 3931 1117 3997 Turioenses

100 4032 225 4097 demum
245 4035 364 4096 auotori
386 4051 442 4098 suo
465 4035 662 4099 reddiderunt
696 4033 778 4116 quod
811 4035 842 4095 iu
868 4048 930 4098 uuo
953 4033 982 4096 Σ
1005 4034 1116 4102 serva-

100 4143 163 4198 tum
187 4142 272 4199 extat
293 4131 391 4202 τοῦτό
409 4138 439 4223 γ’
461 4129 575 4222 α’ληθῆ
597 4138 762 4222 λέγουσιν,
783 4137 865 4220 quod
888 4156 927 4201 ue
949 4124 1031 4202 nuno
1046 4136 1117 4217 qui-
