2806 4896
187 441 271 494 xviri
504 419 881 520 euphrasio.

187 614 222 677 in
245 599 449 692 singulorum
475 607 546 673 tere
571 607 810 674 vocabulorum
842 610 1016 669 eteorum
1043 605 1210 673 rariorum

188 750 250 798 usu
277 732 425 796 ahusuve
452 729 608 807 vertitur,
647 728 682 792 iu
707 744 774 810 quo
798 727 854 791 ille
876 742 957 790 sane
979 726 1087 791 minus
1113 726 1213 791 vide·

187 859 242 917 tur
266 852 424 917 delicatus
450 849 571 931 inisse,
593 864 695 930 qum
717 847 769 911 vei
794 845 907 927 Lysias
932 847 983 911 vei
1008 846 1212 913 Demosthe-

188 987 257 1037 nes.
308 971 380 1036 Huo
407 970 505 1051 igitur
530 969 669 1034 recurrit
697 971 730 1031 et
762 966 917 1031 Libanius
950 966 984 1032 in
1011 974 1212 1046 argumento

186 1091 348 1157 orationis
371 1084 448 1167 napi
472 1084 538 1149 τῶν
560 1073 647 1164 πρὸς
666 1074 894 1161 Ἀλέξανδρον
916 1080 1108 1162 evadendo:
1130 1072 1211 1146 Οὔκ

185 1205 293 1270 ἔοικεν
313 1199 332 1268 ὁ
354 1199 453 1285 λόγος
477 1197 562 1268 nond
585 1194 648 1284 τὴν
678 1197 772 1264 ἰδέαν
801 1208 872 1268 τοῖς
902 1193 1017 1269 ἄλλοις
1047 1202 1213 1272 τοῖς-πού

186 1311 449 1393 Δημοσθένους,
477 1303 563 1376 α’λλαὶ
586 1310 630 1396 ep]
650 1303 848 1389 Ὑπερείδου
867 1305 1046 1391 χαρακτῆρι
1070 1306 1209 1388 μᾶλλον

187 1429 367 1504 προςχαρεῖ
386 1408 429 1482 τά
452 1441 489 1482 τε
513 1411 598 1484 ἄλλα
621 1414 674 1480 uod
696 1411 796 1488 λέξεις
814 1406 914 1484 τινας
938 1417 1002 1501 ἔχει
1026 1411 1097 1480 κατ’
1120 1418 1209 1481 ἐκεῖ·

187 1549 249 1590 νον
270 1526 404 1606 μᾶλλον
426 1525 605 1608 εἰρημένας
625 1519 649 1609 ἧ
671 1511 732 1587 τόν
755 1512 1003 1606 Δημοσθένην,ι
1024 1519 1097 1589 οἷον
1119 1514 1209 1589 νεό-

187 1631 374 1696 πλουτοι
398 1631 452 1697 καὶ
476 1624 844 1716 βδελυρεύσεταε.
896 1635 968 1702 Nae
999 1636 1055 1702 ine
1089 1638 1206 1702 beatus

187 1740 370 1820 praedicari
398 1741 515 1818 dehet,
539 1740 567 1804 si
593 1739 644 1803 his
670 1739 772 1821 modo
799 1738 980 1822 qnisqussiis
1011 1757 1032 1806 a
1059 1741 1208 1805 castitate

185 1856 418 1937 Demosthenis
458 1852 682 1924 distinebatur.
743 1859 825 1925 Nam
855 1861 918 1924 ista
948 1859 1112 1930 voeabula
1144 1877 1205 1924 suo

187 1969 319 2056 quidem
345 1978 422 2043 loeo
447 1979 555 2060 posita
581 1979 653 2059 quis
675 1979 757 2042 renti
778 1978 889 2051 iudicii
914 1979 1016 2044 homo
1037 1979 1206 2062 vitupera-

185 2096 258 2160 bit?
310 2095 374 2161 Sed
400 2096 499 2161 fuerit
518 2086 605 2161 ‘sane
631 2096 811 2179 Hyperides
838 2092 882 2179 iu
917 2098 1118 2179 singulorum
1146 2099 1206 2164 de-

185 2214 271 2279 leotu
297 2217 473 2281 verborum
495 2217 604 2280 minus
631 2232 730 2298 quam
756 2216 812 2280 aiii
838 2217 971 2297 suppari
998 2220 1102 2282 aetate
1123 2233 1203 2281 ora·

186 2339 274 2415 tores
300 2337 480 2415 sollicitus,
507 2338 553 2401 uti
579 2353 621 2400 ne
647 2335 791 2400 evitandi
815 2336 922 2399 hiatus
948 2334 1079 2415 quidem
1101 2337 1204 2418 pusii·

187 2457 253 2518 ium
281 2455 425 2519 studium
452 2472 592 2536 usquam
617 2455 785 2535 reperias:
812 2455 844 2519 iu
868 2455 919 2518 his
944 2445 1101 2530 λογιδίοεε
1126 2473 1205 2537 per-

186 2592 310 2657 pauca,
341 2593 427 2657 quae
453 2591 628 2639 censuram
658 2579 867 2651 mereantur,
910 2546 1113 2652 investiges·
1153 2574 1204 2639 Ex

187 2712 254 2774 qno
280 2704 403 2774 genere
428 2699 504 2758 sont
530 2685 724 2752 καθέστακα
757 2699 790 2759 et
803 2684 962 2772 σχοίησαν
982 2694 1109 2759 formae
1126 2700 1203 2760 ante

185 2812 391 2895 Hyperiden,
418 2813 509 2895 quod
530 2813 700 2891 norimus,
733 2830 801 2901 non
833 2818 1009 2895 usurpatae
1025 2806 1062 2902 Ἴ.
1117 2814 1204 2882 Nam

186 2953 272 3018 quae
294 2935 534 3017 Bahingtonem
550 2935 808 3001 sollicitaverunt
830 2934 1002 3011 voeabula,
1020 2921 1207 3009 ὀρεοκόμος

187 3058 220 3117 et
244 3039 367 3127 ὠφελία
393 3071 425 3134 p.
441 3047 476 3132 6,
496 3045 531 3134 4,
557 3071 624 3117 non
650 3053 723 3131 siue
746 3053 962 3118 haesitatione
988 3054 1145 3138 tolerata„
1162 3071 1207 3120 ne

184 3170 331 3249 indigent
347 3169 478 3250 quidem
496 3171 607 3235 venia:
628 3171 768 3235 alterum
792 3173 829 3236 in
848 3173 981 3239 scholiis
998 3164 1205 3255 p.68tueor‚

184 3271 307 3367 ὠφελία
332 3282 442 3353 ior'ma
467 3306 488 3353 a
513 3288 678 3354 veteribus
702 3290 865 3372 magistris
885 3292 995 3372 agnita
1014 3309 1103 3358 nuno
1121 3308 1204 3357 eon·

241 3505 264 3573 ')
281 3500 326 3558 Ad
346 3520 377 3560 εε
396 3520 465 3576 quae
483 3520 510 3574 p.
519 3503 554 3560 50
572 3501 627 3557 dixi
644 3503 712 3559 adde
726 3501 879 3559 Axionhum
894 3503 964 3561 3702
983 3504 1058 3576 (514,
1080 3499 1211 3562 2'tBeh-1

184 3591 253 3662 ker.)
271 3595 307 3652 ale
324 3589 476 3647 redemtor
493 3612 525 3654 με
542 3595 787 3662 deputarentur,
806 3591 853 3646 ubi
871 3592 931 3648 sod.
954 3610 1051 3649 recens
1070 3596 1205 3660 περιέστρ-

184 3700 240 3739 nne.
275 3678 348 3746 Quid
365 3678 439 3754 quod
457 3677 529 3751 apud
546 3672 636 3751 ¹ipsum
654 3677 865 3735 Demosthenem
883 3678 998 3753 Phiiipp.
1015 3679 1041 3746 3,
1060 3679 1096 3736 26
1114 3679 1203 3751 ptt't

183 3763 309 3820 Reishius
329 3784 362 3822 ex
379 3764 493 3840 Dionys.
521 3765 555 3822 de
582 3764 677 3822 admit.
694 3765 722 3821 ri
738 3764 818 3823 Deru.
836 3784 869 3839 p.
892 3766 975 3831 1¹20,
994 3758 1010 3824 9
1030 3766 1127 3822 edidit:
1159 3761 1205 3822 cde

184 3856 269 3914 πόλεις
286 3853 373 3907 αὐτῶν
388 3854 1204 3933 παρῄρηταικαὶτςτροδαρχίαςκαθὲστακεν.

183 3961 233 4017 pro
261 3960 315 4016 quo
343 3943 405 3998 libri
431 3946 544 3999 oratoris
573 3950 736 4016 norintque.
790 3944 826 4000 ht
851 3945 1000 4018 perfeetum
1028 3944 1128 4000 rectius
1154 3951 1204 3998 esi.

183 4029 312 4101 Exempla
331 4031 509 4103 posteriorum
528 4033 690 4105 scriptorum
719 4051 744 4090 v.
765 4033 837 4106 apud
864 4031 988 4089 Diodori.
1012 4029 1093 4088 Thes.
1111 4030 1203 4102 Steph.

184 4118 230 4186 tv,
254 4120 326 4178 792·
