2806 4896
200 397 249 473 38
553 404 836 473 scfloiin.

194 584 289 661 sium;
311 583 424 647 nemini
448 583 690 653 incommodaret
712 585 829 665 privato
854 583 977 665 homini,
1000 600 1132 665 quorum
1150 583 1213 648 de-

194 684 301 750 fensor
319 686 410 749 luerit
432 704 526 767 saepe
548 686 721 751 multorum.

256 790 369 852 Verum
392 807 460 851 cum
475 790 567 853 multa
583 798 706 869 praeter
719 807 784 852 rem
801 787 1003 852 consensisset
1017 789 1214 874 Polyeuctus‚

194 892 303 973 quibus
325 911 420 974 aegre
443 893 565 956 occurri
587 901 693 974 posset
715 911 733 954 a
754 910 827 973 reo,
855 891 928 953 nihil
949 891 1094 973 Hyperidi
1117 892 1213 954 odio-

193 995 256 1059 sius
279 995 376 1058 visum
398 1002 443 1059 est
450 1044 459 1078 ,
482 1014 573 1077 quam
596 995 679 1077 quod
701 996 750 1058 ille
773 995 937 1057 identidem
958 995 1123 1058 inculcavit
1142 995 1212 1058 Eu-

191 1100 355 1180 xenippum
383 1098 505 1162 divitem
540 1117 610 1163 esse
640 1099 821 1180 divitiasque
854 1116 927 1163 suas
963 1099 1073 1162 iniuste
1106 1106 1213 1180 partas

95 1269 99 1275 ,
191 1201 316 1266 habere.
362 1202 447 1276 Quae
470 1199 602 1297 obiectio
625 1203 794 1265 clanculum
811 1220 917 1282 sparsa
934 1210 965 1265 et
980 1203 1150 1283 suspiciose
1170 1221 1212 1266 ne

151 1368 153 1372 ,
192 1304 263 1385 quid
285 1305 367 1367 forte
389 1312 501 1368 noceat
521 1304 719 1389 Euxenippo‚
749 1304 920 1386 Hyperides
949 1305 1105 1386 complura
1130 1323 1212 1372 enu-

191 1415 287 1470 merat
318 1409 456 1490 exempla
487 1409 608 1490 similia,
643 1408 695 1470 ubi
727 1407 899 1472 hominibus
934 1408 1101 1492 opulentis,
1131 1426 1210 1490 quos

192 1510 401 1592 sycophantae
424 1519 554 1592 propter
576 1512 694 1593 argenti
710 1510 830 1574 fodinas
846 1518 951 1574 contra
971 1511 1059 1592 leges
1077 1511 1210 1575 admini-

191 1621 300 1688 stratas
322 1614 515 1696 detulissent,
532 1614 666 1696 iudices‚
689 1631 748 1700 qua
772 1613 921 1676 excellant
942 1620 1065 1693 praeter
1085 1621 1211 1679 ceteros

190 1716 375 1782 humanitate
398 1725 562 1799 almagno
585 1719 703 1799 animo,
733 1716 845 1780 deesse
872 1716 1026 1779 noluerint
1048 1724 1078 1779 ct
1104 1734 1211 1798 quan-

192 1840 282 1902 quam
306 1822 460 1885 delatores
489 1838 553 1884 non
582 1821 651 1883 leve
683 1820 802 1883 lucrum
832 1820 953 1882 aerario
983 1820 1106 1900 publico
1135 1821 1210 1884 inde

191 1930 416 2006 ostentassent,
439 1940 479 1984 ex
501 1923 669 1985 crudelium
690 1921 846 1985 hominum
868 1922 1007 1985 manibus
1030 1923 1208 2002 eripuerint.

189 2024 258 2087 Dixi
279 2043 389 2108 supra,
412 2025 623 2105 Euxenippum
646 2031 677 2087 et
697 2025 857 2106 ipsum-ex
877 2025 1005 2088 metallis
1028 2043 1105 2105 opes
1119 2043 1209 2088 com-

188 2130 346 2209 paravisse
369 2136 609 2193 consentaneum
632 2147 712 2193 esse.

194 2269 195 2273 =
252 2234 315 2299 Sub
336 2235 427 2297 finem
455 2235 605 2298 iudicibus
620 2234 757 2314 impense
773 2232 964 2297 commendat
982 2233 1206 2319 Euxenippum,

189 2344 224 2402 ut
245 2355 315 2400 eum
340 2348 494 2403 servatum
516 2339 622 2421 velint,
657 2339 709 2419 qui
732 2338 772 2419 oh
794 2357 859 2401 rem
882 2338 1023 2402 frivolam
1045 2339 1131 2418 gravi
1153 2343 1207 2403 iu·

189 2440 274 2511 dicio,¹
290 2441 460 2521 postulatus
482 2442 521 2506 sit
543 2450 575 2505 et
595 2440 625 2503 id
647 2449 772 2522 practer
799 2442 896 2523 leges.
949 2442 1043 2504 lmmo
1074 2459 1207 2523 aequum

190 2560 279 2619 esse,
301 2551 334 2606 ut
355 2544 553 2628 Polyeuctus,
578 2562 647 2607 cum
667 2544 877 2625 Euxenippum
900 2544 1132 2609 denunciaverit
1151 2546 1206 2611 λέ-

187 2671 261 2731 γειν
285 2642 340 2730 μη
356 2636 409 2738 τά
423 2643 539 2731 άριατα
560 2648 604 2728 τη]
628 2644 721 2732 δήμῳ
750 2649 794 2733 τῷ
826 2642 1026 2730 Ἀθηναίων
1048 2643 1205 2736 χρήματα

188 2742 416 2834 λαμβάνοντα
438 2749 491 2816 rrol
514 2742 633 2831 δωρεάς
655 2740 748 2830 παρά
772 2751 839 2812 τάν
856 2742 1022 2814 adversio
1036 2743 1207 2829 πραττόν-

175 2868 251 2918 ὶτων
273 2851 318 2936 τῷ
342 2845 436 2938 δήμῳ
458 2852 502 2936 τῷ
523 2844 745 2933 Ἀθηναίων,
780 2867 837 2915 eos
863 2851 963 2931 potius
992 2868 1065 2914 reos
1088 2858 1206 2934 ageret,

188 2973 317 3035 quorum
331 2955 433 3020 donis
467 2963 498 3020 et
527 2956 705 3020 muneribus
733 2961 896 3035 corruptus
925 2960 1028 3035 esset,
1061 2955 1206 3035 quoniam

187 3057 263 3118 istos
293 3058 325 3118 in
346 3058 411 3137 ipsa
441 3057 519 3120 orbe
550 3056 688 3139 versari,
726 3074 789 3120 non
824 3064 949 3144 exteros
976 3074 1047 3120 esse
1061 3125 1064 3130 ,
1078 3057 1203 3120 diceret.

186 3155 346 3239 Postremo
370 3158 681 3243 admonet‘gravitem
711 3169 746 3223 ut
771 3161 887 3225 iudices
919 3159 1086 3224 secundum
1116 3161 1205 3242 leges

186 3266 219 3323 et
245 3259 454 3330 iusiurandum
483 3264 663 3327 sententiam
685 3263 809 3347 lerant,·
830 3265 1003 3329 orationum
1020 3264 1059 3327 ab
1074 3270 1204 3346 utraque

187 3369 275 3444 parte
296 3363 464 3429 habitarum
487 3366 580 3431 obliti.
632 3406 637 3414 -

83 3622 88 3631 ,
247 3609 276 3672 p.
298 3589 328 3676 3,
350 3589 371 3654 3
394 3582 498 3660 Ἀλλ’
521 3589 642 3680 ἔγωγε
783 3593 998 3680 θαυμάζω]
1027 3596 1204 3679 Xenophon

184 3694 269 3757 initio
291 3695 456 3778 Symposii:
477 3689 570 3766 ‘Ait‘
596 3699 672 3783 ἐμοὶ
700 3699 787 3766 dorcet
813 3699 880 3763 τάν
910 3699 1020 3765 selme
1040 3693 1205 3785 κάγαθῶν

185 3791 315 3880 ἀνδρῶν
336 3803 415 3882 ἔργα
439 3793 480 3866 οὐ
500 3797 611 3883 μόνον
633 3800 675 3878 τά
698 3795 784 3885 μετά
807 3802 958 3885 σπουδῆς
978 3797 1201 3887 ταραττόμενα

184 3887 480 3980 ἀξιομνημόνευτα
503 3903 607 3980 εἶναι,
640 3900 725 3971 cillo?
748 3904 802 3971 rol
825 3900 867 3968 τά
891 3909 929 3970 ἐν
951 3919 1022 3978 ταῖς
1043 3907 1203 3982 παιδιαῖς.

182 3997 265 4061 ldem
280 4000 355 4079 reip.
369 4001 479 4068 Laced.
501 3999 596 4073 Ἀλλ’
610 4001 670 4091 ἐγώ
687 4002 850 4090 ἐννοήσας
860 4011 944 4075 ποτὲ
961 4001 1040 4093 olco}
1059 4001 1205 4094 Σπάρτη

183 4103 252 4168 τάν
274 4092 626 4188 ὄλιηανθραποτάτυν
658 4105 788 4176 πόλεων
817 4101 904 4177 odota
927 4104 1145 4198 δυνατωτάτη
1166 4134 1203 4178 τι
