2806 4896
510 383 880 451 PRAEFATIO.
1141 403 1203 451 xm

183 589 254 637 sam
281 586 418 635 movero
450 571 528 635 tooo
553 569 664 648 notui,
698 560 1008 641 σσσσσσσᾶσσνσσσ,
1040 566 1203 640 cacano,
1300 649 1304 668 ‚

183 681 345 764 ἔνιλημα,
359 680 537 758 novitios,
546 683 844 765 ἐσκασακλιθήσαι,
857 680 1205 766 συνκατηγορήσονσα,

184 787 391 871 spetiosum,
407 781 604 884 σῖνὲνδοτσσ,
638 814 829 879 quanquam
856 814 899 862 ns
925 798 960 863 in
985 798 1036 863 bis
1059 799 1204 880 ¹quidam

185 922 341 984 constans
369 922 418 985 est
454 936 552 998 quem
586 918 621 982 in
652 919 726 983 aliis
751 919 851 985 robus
876 917 1118 987 inconstantem
1145 919 1205 986 de-

185 1036 416 1116 prehendimus
446 1038 611 1103 librarius.
669 1037 730 1103 lita
752 1038 852 1119 igitur
883 1056 944 1121 par
964 1045 1036 1104 crat
1059 1042 1205 1120 retineri,

185 1172 319 1236 prorsus
346 1160 383 1220 ut
397 1157 431 1221 in
448 1158 547 1221 titutis
572 1157 693 1224 similia
718 1175 802 1223 cum,
819 1162 935 1224 extant
958 1159 993 1223 in
1018 1159 1128 1242 tepido
1154 1163 1205 1225 vot

184 1293 262 1340 acro
286 1275 419 1342 retineri
439 1279 556 1344 solent.
608 1278 750 1361 Postbac
773 1295 842 1345 ooo
866 1278 1014 1361 impedio
1029 1280 1206 1362 quominus

184 1395 399 1472 obiiciantur,
421 1397 494 1473 vet,
517 1397 546 1461 si
567 1397 692 1478 piacet,
724 1397 918 1463 abiciantur.

261 1542 326 1608 Sed
353 1544 460 1609 missis
486 1545 537 1610 bis
564 1544 659 1626 nugis
685 1548 721 1608 nt
755 1545 798 1610 ad
829 1546 999 1612 orationes
1034 1548 1205 1613 veniamus

186 1663 284 1746 ipsas,
310 1665 485 1746 persimilis
512 1667 683 1747 utriusque
707 1669 806 1752 atquo
831 1666 930 1759 piane
955 1668 1095 1747 gemella
1120 1667 1206 1732 ratio

184 1786 233 1845 cst
260 1786 291 1845 et
317 1782 490 1871 universus
515 1774 623 1849 tenor.
673 1756 1024 1864 Utraquccontioetur
1039 1785 1072 1847 in
1091 1784 1206 1849 defen·

184 1896 279 1964 sion'c
315 1900 394 1964 civis
429 1918 471 1966 ex
509 1919 568 1966 sua
604 1901 736 1983 quidem
775 1880 937 1967 sententia
977 1902 1141 1967 malitioso
1175 1906 1208 1967 et

187 2035 291 2100 prava
317 2019 447 2084 actione
469 2021 643 2101 postulati:
676 2019 774 2100 igitur
796 2023 830 2085 in
853 2026 993 2104 utraque
1027 2027 1141 2088 orator
1165 2021 1206 2087 de

185 2145 369 2208 temeritate
396 2142 558 2225 malisque
585 2144 709 2208 artibus
736 2138 803 2201 τῶν
835 2131 1119 2223 stocyystio'ccoo
1147 2166 1207 2213 oo·

184 2264 279 2346 piose
306 2265 474 2344 libereque
501 2264 657 2345 queritur.
688 2281 689 2284 ’
708 2266 901 2346 inutraque
918 2243 1115 2346 indignatur,
1132 2256 1207 2330 cur'n

187 2383 276 2467 quod
299 2383 480 2481 institutum
504 2383 749 2475 advocationis,
776 2356 843 2467 quo
869 2384 949 2449 nihil
967 2389 1055 2449 extet
1075 2384 1107 2448 in
1125 2385 1207 2449 urbe

186 2518 280 2566 more
300 2507 475 2585 receptum
504 2503 553 2567 vel
588 2503 753 2568 salubrius
775 2504 828 2567 vel
852 2502 1052 2581 humanius,
1090 2505 1205 2569 tottcrc

186 2623 227 2688 do
253 2624 383 2689 civitate
409 2624 553 2707 pravitas
574 2628 803 2688 accusatorum
823 2625 998 2703 annitatur,
1023 2628 1093 2689 tum
1116 2625 1206 2707 quod

185 2742 286 2806 ambo
312 2724 519 2805 accusatores
547 2742 581 2805 in
605 2741 795 2822 primariam
816 2741 906 2805 litem
923 2741 1103 2824 compactis
1124 2760 1206 2808 con·

186 2860 394 2941 gregatisquc
420 2859 519 2922 variis
545 2863 701 2937 tanquam
726 2875 785 2939 per
803 2865 949 2923 saturam
968 2859 1208 2923 criminationi-

185 2980 247 3043 bus
274 2978 440 3042 rationcm
458 2974 655 3041 defendendi
677 2977 801 3039 ¹mirum
825 2975 859 3039 in
885 2975 1020 3040 medum
1045 2976 1205 3057 impedie-

185 3099 250 3161 rint
275 3096 486 3176 funditusque
502 3092 730 3176 praeciderint
780 3093 964 3173 Postremo,
990 3099 1026 3158 ut
1039 3098 1206 3160 taceamus

187 3234 274 3298 qoao
296 3216 435 3282 minoris
460 3215 621 3280 momenti
646 3219 742 3292 sunt,
774 3215 809 3278 in
832 3217 972 3297 utraque
995 3232 1111 3280 caussa
1136 3216 1205 3298 Hy-

187 3337 316 3419 perides
337 3335 564 3400 adversarium
586 3338 704 3399 nactus
727 3336 799 3399 crat
818 3333 1004 3416 Lycurgum
1028 3335 1132 3412 ittam,
1152 3336 1205 3399 in-

185 3457 397 3536 tegerrimum
423 3455 610 3531 bominem,
635 3454 693 3518 scd
720 3454 861 3522 eundem
881 3456 994 3537 paotto
1020 3454 1206 3519 fervidioris

188 3576 310 3654 ingenii
318 3575 746 3640 ctinexorabitioremmnte
754 3574 917 3640 factorum
926 3574 1204 3654 vindicemquem

188 3705 281 3768 vetus
304 3701 427 3764 arbiter
456 3687 583 3774 σσμνόν
605 3692 658 3758 sci
682 3688 765 3759 ὅλον
784 3684 1006 3774 κατηγορικὸν
1024 3689 1082 3756 coi
1095 3691 1205 3774 prio-

186 3802 281 3893 λήθη
304 3810 359 3876 sci
381 3806 667 3895 παρρησιασσικὸν
694 3820 848 3902 appeltat.
898 3819 930 3882 ls
954 3817 1203 3902 Lycophrooem

186 3939 220 4001 io
244 3939 296 4003 ius
317 3942 493 4003 vocaverat
510 3939 590 4022 ipso,
609 3939 643 4004 in
657 3938 875 4020 Euxenippon
892 3954 1009 4005 caussa
1023 3940 1204 4022 Polpsueto

186 4059 389 4140 subscriptor
414 4055 537 4123 aderat.
602 4059 692 4125 Haec
717 4062 827 4124 autem
852 4077 1042 4126 caussarum
1074 4061 1202 4126 oratio-
