2806 4896
475 389 879 462 PRAEFATIO.
1153 415 1214 464 xlx

185 599 285 648 seusu
320 584 487 648 bonorum
522 574 684 646 librorum
723 584 811 667 apud
847 584 1019 649 Platonem
1061 583 1212 666 aliosque

188 706 340 767 auctores
373 703 518 786 reposita
547 706 615 779 est,
651 719 684 766 v.
716 703 954 769 Schneiderum
989 704 1032 768 ad
1066 704 1211 769 Platonis

186 811 463 904 uav.1p.33211.
515 823 648 902 Absque
664 828 819 902 coesset,
844 825 935 889 nulla
961 824 1099 889 audacia
1124 809 1211 898 dpe-

189 934 282 1009 leisc
306 942 544 1006 rescriberetur
568 941 602 1004 in
623 945 717 1007 tanta
739 942 865 1008 librarii
894 944 1101 1011 vacillatione
1126 944 1211 1007 inter

188 1062 327 1125 vocales·
345 1061 419 1125 soni
445 1060 594 1124 finitimi:
629 1061 798 1137 ιαιιοηθια
830 1061 901 1145 ipse
921 1063 1084 1144 Babingto
1111 1080 1211 1145 repu-

187 1180 290 1246 diavit
311 1179 464 1260 deditque
489 1167 678 1254 κακοήθεια
708 1199 740 1262 p.
771 1173 836 1259 14',
859 1173 919 1248 23.
980 1183 1210 1248 Praetermitto

184 1300 250 1364 alia
275 1300 447 1364 minutula.
487 1300 580 1365 Mihi
604 1301 737 1366 tenuior
765 1301 930 1367 interdum
964 1309 997 1368 et
1027 1303 1210 1385 quotidiani

185 1419 347 1484 sermonis
373 1419 547 1486 humilitati
571 1421 710 1503 propior
742 1421 812 1486 visa
846 1423 1015 1502 elocutio,
1052 1423 1143 1487 velut
1176 1442 1208 1505 p.

187 1538 244 1622 14,
273 1537 297 1610 7
324 1535 434 1610 αἰτίας
455 1532 546 1620 ἥκεις
569 1537 677 1624 φέρων
689 1530 760 1603 κατ’
774 1531 903 1615 αὐτοῦς
934 1540 992 1627 12,
1011 1542 1054 1611 ll
1084 1531 1145 1606 ide
1166 1528 1207 1605 τιῖ

184 1656 260 1739 περὶ
293 1650 360 1740 τήν
388 1651 516 1740 φιάλην
546 1653 708 1741 γεγονότα
739 1664 776 1726 ἐν
807 1654 1051 1743 ἀδικήματι
1090 1659 1208 1724 εἶναι

185 1764 404 1850 ψηφίζησθε,
444 1773 534 1856 quod
561 1773 602 1839 de
625 1776 760 1841 bomine
784 1775 907 1842 dictum
932 1794 987 1840 me
1011 1792 1081 1843 non
1103 1775 1210 1839 otien-

185 1890 277 1957 deret
297 1894 344 1956 ita
369 1897 405 1957 ut
430 1891 471 1957 de
499 1910 555 1969 re3
581 1886 615 1970 5,
646 1889 691 1961 15
718 1883 781 1971 τὴν
811 1888 972 1978 τάχῖστην
993 1878 1102 1974 αὐτήν
1132 1881 1210 1971 (τήν

190 1999 318 2085 αἰτίαν)
351 2001 400 2067 dai
437 2002 523 2068 εἶναι
557 2007 594 2067 ἐν
627 2004 670 2087 up]
702 2004 922 2093 dtaqooqpr'qr3
959 2007 994 2093 7,
1021 2005 1043 2081 3
1067 2001 1209 2090 τοιούτῳ

189 2101 365 2191 πράγματ’
390 2097 430 2173 Ου’
452 2107 607 2194 κέχρησαι
630 2118 663 2177 et
690 2132 795 2196 pauca
821 2115 896 2181 alia.
964 2115 1208 2189 Verumtamen,

187 2234 214 2297 si
241 2233 324 2298 baec
350 2232 514 2315 quaedam
541 2233 740 2312 negligentia
770 2238 837 2311 est,
873 2235 955 2296 mibi
983 2250 1050 2298 non
1081 2234 1209 2313 ingrata

187 2358 275 2417 certe
298 2357 347 2416 est
379 2354 413 2416 in
443 2358 535 2417 tanto
568 2354 746 2417 verborum
781 2353 861 2417 scite
904 2354 1208 2434 coagmentatorum

185 2471 314 2548 levore,
355 2471 472 2552 lepore
503 2476 612 2537 aulem
648 2471 903 2550 sententiarum,
944 2471 1036 2535 omni
1078 2473 1208 2535 tumore

187 2593 302 2672 procul
326 2596 509 2673 segregato.
565 2592 703 2656 Flumen
736 2594 847 2655 autem
875 2590 1035 2655 orationis
1061 2590 1117 2654 ubi
1145 2591 1208 2653 im·

187 2711 292 2792 pediri
318 2714 351 2774 et
373 2711 499 2775 turbari
526 2712 704 2790 ridebitur,
739 2711 839 2775 veluti
874 2711 937 2774 ool.
962 2702 1022 2786 44,
1054 2726 1122 2774 nou
1151 2727 1207 2773 so-

187 2827 302 2892 cordia
326 2833 358 2892 et
382 2828 522 2893 infantia
553 2813 586 2891 id
622 2828 834 2892 commissum
868 2844 941 2890 esse
976 2829 1119 2906 reperiet
1151 2828 1207 2907 qui

188 2952 333 3030 quaeret.
385 2947 553 3029 Nusquam
581 2950 632 3012 vel
660 2948 839 3028 ampliores
862 2947 1040 3009 verborum
1066 2945 1208 3009 ambitus

186 3069 364 3143 luminibus
398 3069 557 3133 orationis
600 3068 705 3133 facilis
748 3071 781 3131 et
821 3065 1014 3148 perspicuae
1048 3065 1207 3131 oliiciuut.

187 3191 237 3254 bd
271 3192 474 3266 exiremum,
510 3191 545 3253 in
580 3189 688 3254 verbis
720 3189 748 3252 si
782 3207 847 3270 qua
883 3191 960 3251 sunt
990 3187 1086 3265 vitia,
1121 3207 1207 3269 quae

188 3307 337 3389 prolecto
363 3309 501 3389 parvula
527 3313 620 3386 suot,
649 3307 722 3372 aliis
746 3306 829 3371 baec
853 3285 885 3370 et
911 3305 1091 3370 maioribus
1117 3307 1206 3371 redi-

186 3429 244 3491 mit
270 3427 450 3509 Hyperides
479 3428 668 3501 virtutibus‚
701 3431 737 3492 ut
763 3428 820 3492 illa
847 3426 942 3490 facile
967 3425 1064 3491 ieras.
1119 3425 1207 3504 Quid

188 3548 276 3626 quod
297 3548 468 3611 verissime
494 3566 547 3612 me
568 3548 677 3612 iudice
700 3547 836 3613 Ovidius
870 3545 1016 3622 dicebat,
1039 3545 1207 3612 decentio·

187 3682 257 3728 rem
285 3682 356 3728 esse
384 3665 522 3746 taciem,
544 3668 579 3730 in
601 3685 668 3748 qua
690 3667 791 3747 aliqui
818 3679 944 3728 naevus
971 3666 1066 3740 esset.

263 3829 470 3908 Quaesiverit
505 3833 642 3898 forsitan
674 3832 855 3915 quispiam,
887 3828 1002 3909 ecquid
1037 3831 1138 3912 possit
1164 3849 1207 3895 ex

188 3952 238 4015 bis
273 3951 480 4016 orationibus
514 3953 711 4020 firmamenti
748 3951 850 4033 repeli
883 3949 924 4014 ad
961 3950 1207 4015 sustentandam

187 4075 313 4141 libanii
340 4075 582 4157 coniecturam,
614 4077 668 4157 qui
691 4076 875 4141 orationem
903 4093 1000 4156 quam
1028 4075 1130 4140 modo
1156 4079 1206 4138 al-
