2806 4896
481 406 781 478 seliobre,
1085 401 1133 474 61

115 587 167 650 iae
188 585 339 666 quaedam
362 590 465 647 extant
485 585 606 649 difficile
626 584 709 648 dictu
732 590 778 647 est
800 602 860 671 quo
882 583 974 651 modo
990 601 1058 647 cum
1073 585 1137 668 Ly·

118 688 297 777 cophronea
313 704 431 750 caussa
454 686 659 752 cohaereant:
687 687 726 750 dc
753 686 909 768 Euphemo
937 686 1043 768 deque
1060 685 1137 750 Ari-

118 803 208 860 stone
237 777 268 858 et
287 784 502 861 x'fbeomnesto
532 794 603 876 quid
629 792 959 877 suspicemurdictum
986 799 1032 857 ast
1059 791 1138 857 infra

118 897 305 961 inscboiiis.
384 891 422 915 ⁵
975 926 978 930 ·

122 1033 130 1039 -
154 998 259 1076 „fam
280 1017 308 1080 p.
329 997 382 1082 23,
403 997 444 1061 17
462 998 608 1061 continua
630 1016 687 1063 nos
708 999 818 1080 excipit
845 999 944 1063 oratio
978 1017 1078 1080 eaque
1106 997 1138 1060 in

22 1121 24 1127 ·
120 1121 237 1166 summa
266 1120 302 1165 rc
332 1103 430 1166 omnis
460 1103 666 1166 accusationis
700 1110 856 1183 occupata.
915 1102 1025 1167 Narrat
1058 1103 1137 1165 enim

116 1205 297 1289 Lycophro,
321 1190 488 1285 adversarii
509 1208 572 1290 sui,
596 1207 756 1289 Lycurgus
778 1225 847 1270 eum
870 1207 1137 1288 subscriptoribus,

117 1308 228 1390 quibus
251 1312 349 1373 semet
368 1309 544 1373 criminibus
564 1310 722 1389 petiissent
744 1311 964 1391 conprimunt
994 1312 1025 1372 in
1058 1326 1137 1372 con-

118 1414 203 1477 tione
224 1412 329 1494 popuii
351 1413 614 1476 denunciaverunt
625 1433 638 1474 ε.
654 1405 739 1494 quae
757 1431 792 1477 sc
799 1463 808 1497 ,
831 1413 942 1478 absens
965 1413 1044 1476 enim
1063 1430 1138 1477 reus

118 1516 219 1579 factus
241 1524 324 1598 erat,
346 1534 387 1579 ex
408 1516 544 1597 epistolis
565 1514 755 1603 familiarium
784 1531 909 1580 suornm
940 1518 1136 1598 comperisse.

119 1618 215 1703 igitur
236 1617 412 1700 Lycurgum
434 1619 628 1699 narravisse,
648 1613 690 1681 id'-
703 1617 786 1698 quod
808 1635 849 1680 ex
871 1619 975 1682 amicis
1005 1618 1138 1680 auditum

97 1801 100 1806 ,
120 1721 254 1803 diceret,
286 1721 520 1804 Lycophronem
548 1725 579 1785 in
604 1739 715 1804 pompa
737 1720 869 1809 nuptiali·
883 1721 1027 1804 mulieris,
1050 1723 1137 1785 cuius

120 1820 525 1910 moechus-fuisse-dicatur,
548 1825 586 1890 ad
608 1826 688 1890 illam
711 1826 881 1890 accessisse
902 1826 1005 1906 eique,
1024 1827 1056 1887 in
1078 1844 1138 1893 au-

119 1945 186 2010 rem
202 1928 437 2016 ,insusurrassm
470 1945 511 1992 ne
532 1948 600 1992 rem
625 1946 693 1991 curn
716 1945 798 1992 novo
820 1928 946 2010 marito,
977 1926 1137 2012 Charippo,

119 2030 249 2097 baberet
268 2051 366 2115 seque
397 2032 454 2096 sibi
481 2028 657 2110 reservaret
685 2033 845 2112 integram.
896 2031 963 2093 Hoc
984 2033 1139 2095 siveram

115 2136 171 2220 sit,
193 2138 333 2201 confiteri
355 2155 427 2203 sese
449 2138 489 2200 ait
510 2137 606 2200 etiam-
623 2136 742 2216 ratique
763 2133 928 2214 deiiquisse
945 2135 1045 2196 omnia
1059 2139 1139 2214 quae

118 2239 178 2303 sint
200 2241 230 2302 in
252 2240 400 2321 isangelia
420 2239 552 2319 scripta:
566 2238 625 2302 sed
647 2239 737 2302 istum
760 2237 869 2300 falsum
890 2254 1045 2306 rumorem
1068 2253 1139 2299 esse

115 2340 208 2404 facile
225 2361 265 2405 se
289 2342 430 2408 obtinere
443 2359 544 2423 ‘posse
565 2349 680 2424 sperat.
727 2339 804 2416 Nam
825 2341 857 2423 in
877 2346 959 2402 tanta
983 2339 1138 2403 bominum

115 2445 293 2525 frequentia
323 2456 427 2527 neque
452 2445 551 2514 latere
581 2446 784 2527 se‘potuisse
811 2461 914 2526 neque
944 2452 1139 2524 praesentem

112 2565 251 2628 poenam¹
279 2555 315 2610 at.
338 2549 398 2631 vim
420 2547 649 2630 subterfugere:
686 2550 797 2620 etenim
819 2549 851 2610 in
874 2548 1025 2610 comitatu
1041 2546 1138 2610 fuisse

115 2650 309 2734 Dioxippum,
331 2651 463 2715 fratrem
470 2653 616 2734 mulieris,
639 2659 672 2714 et
685 2644 879 2731 Euphraeam
895 2651 1157 2734 pancratiastam,-

118 2753 196 2818 iliius
231 2773 422 2837 comparem,
462 2755 596 2818 omnium
629 2770 785 2823 consensu
818 2748 1033 2816 universorum
1074 2761 1138 2817 tum
1167 2825 1169 2829 ,

118 2856 307 2928 Graecorum
327 2857 568 2921 robustissimos.
589 2854 682 2924 „Itos
693 2855 774 2917 illico
787 2855 1022 2933 interempturos
1040 2861 1139 2916 semet

118 2959 221 3023 fnisse.
256 2958 350 3041 ¹Nec,
383 2958 466 3040 quod
497 2967 588 3039 caput
617 2959 664 3021 rei
686 2959 740 3041 sit,
777 2956 959 3037 Gbarippum
986 2954 1138 3018 eiusmodi
1238 3004 1243 3010 .

117 3083 255 3148 uxorem,
281 3081 362 3151 quae
382 3081 417 3128 se
442 3061 598 3127 addiceret
612 3063 761 3145 moecho,
783 3061 877 3126 fuisse
900 3061 1084 3125 ducturum

162 3221 165 3224 «
180 3182 299 3245 Exinde
316 3182 351 3244 in
372 3182 474 3268 locum
496 3199 687 3246 communem
705 3179 848 3273 delapsus
865 3180 1028 3261 exequimur
1046 3197 1136 3260 quam

75 3345 79 3354 .
116 3287 219 3367 iniqua
247 3285 423 3349 conditione
450 3292 572 3348 utantur
604 3286 668 3369 pei,
706 3292 814 3348 contra
852 3301 941 3365 quam
977 3283 1136 3363 praeclare

117 3389 591 3472 agatur'cum·accusatoribus,
609 3389 720 3470 quibus
748 3389 839 3457 liceat
870 3388 1012 3470 quicquid
1040 3388 1136 3452 velint

115 3495 220 3557 dicere
241 3495 373 3574 impune.
417 3493 496 3557 Male
518 3501 620 3557 autem
643 3494 745 3575 egisse
767 3492 954 3575 Lycurgum,
977 3491 1059 3572 quod
1076 3491 1136 3552 ad-

114 3604 260 3680 vocatos,
293 3599 319 3662 si
342 3599 396 3680 qui
413 3597 495 3661 forte
516 3598 575 3661 sibi
594 3596 716 3661 affuturi
746 3600 822 3677 sint,
856 3599 886 3658 in
917 3594 1135 3676 praeiudicium

115 3697 277 3764 adduxerit
291 3701 429 3763 iudicum
441 3747 449 3782 ,
477 3719 545 3763 cum
575 3702 677 3764 tam'en
700 3700 777 3765 nibil
810 3698 932 3761 civilius.
952 3698 1010 3780 sit,
1045 3709 1135 3779 quam

114 3803 264 3868 homines·
284 3803 404 3866 dicendi
436 3821 558 3886 gnaros
588 3807 691 3873 amicis
720 3801 958 3884 periclitantibus
977 3801 1133 3867 auxiliari.

113 3908 211 3971 immo
238 3908 414 3990 Lycurgum
441 3907 655 3973 ¹defensionem
686 3909 734 3969 rei
762 3904 800 3967 ad
831 3912 946 3967 certam
983 3904 1134 3986 quandam

114 4029 254 4075 normam
268 4011 449 4091 abigentem
471 4009 620 4076 iudicibus
642 4010 682 4072 de
704 4009 814 4090 quibus
841 4006 935 4070 rebus
964 4006 1133 4085 audiendus

115 4117 168 4197 sit,
202 4115 242 4179 de
276 4114 385 4197 quibus
414 4131 477 4178 non
512 4115 565 4197 sit,
596 4114 817 4195 praescriptum
847 4108 978 4174 dedisse.
1034 4109 1131 4173 Porro
