2806 4896
498 375 781 493 scuourn.
1095 418 1182 491 67'

122 602 246 682 parides
267 619 368 667 seems
381 608 416 673 io
429 618 517 665 menn
534 601 597 666 that
613 603 805 681 theoctistus
823 600 980 665 lurnisbed
993 599 1146 666 Ariston’s

124 704 226 769 slaves
247 702 320 766 witb
345 701 437 786 fond,
459 704 517 767 and
541 703 612 785 lrept
626 702 708 769 tbe'm
725 708 757 769 in
775 705 934 768 readiness
947 702 1009 766 like
1027 721 1045 765 a
1066 704 1147 768 band

124 807 159 871 ol
177 809 307 892 pirates,
334 807 381 871 lor
403 825 465 890 any
485 809 606 873 service
636 808 700 873 that
731 809 828 892 might
856 809 896 872 be
922 808 1077 890 required.
1122 808 1151 872 ll

122 912 286 994 Dionysius
309 911 369 975 and
391 919 445 975 not
467 911 659 976 'theoctistus
678 913 803 978 himself
824 929 890 976 nas
920 911 973 975 tbe
1002 912 1147 975 nomina-

124 1015 187 1078 tive
208 1023 240 1078 to
260 1014 349 1102 εἶχεν
369 1015 400 1077 in
422 1015 483 1078 line
506 1014 537 1098 2,
550 1034 609 1092 ,wc
632 1025 711 1082 must
731 1033 885 1099 suppose,
912 1013 977 1078 that
998 1013 1145 1079 Tbeocti-
1177 1037 1180 1041 ·

124 1125 189 1181 stus
214 1117 257 1180 let
277 1115 330 1180 tbe
352 1116 453 1181 slaves
476 1123 508 1181 to
530 1117 592 1179 blm
612 1127 644 1182 at
666 1137 684 1181 a
705 1120 824 1200 proiit.“
879 1116 1033 1182 Aliorsum
1066 1116 1148 1181 ducit

124 1221 266 1284 articulus
306 1232 397 1293 acic
428 1221 576 1306 λῃσταῖς.
611 1222 705 1285 blihi
736 1214 953 1305 ἐπισιτισμόν
987 1220 1148 1308 παρέχειν

123 1324 343 1388 Theomnastus
365 1324 424 1389 dici
446 1325 565 1389 videtur
586 1345 648 1391 non
670 1328 808 1393 servis-a
831 1345 867 1392 se
887 1327 1011 1409 emptis,
1039 1324 1096 1390 sed
1117 1325 1146 1389 ei

124 1427 176 1509 qui
207 1427 394 1509 corrogabat
418 1429 594 1512 pecuniam,
623 1428 769 1499 Aristoni.
826 1430 943 1512 Nempe
972 1429 1147 1510 praedones

123 1537 186 1592 tum
210 1529 251 1594 ita
272 1529 415 1594 videntur
435 1531 586 1614 tenuisse,
608 1539 642 1594 ut
663 1529 878 1614 ἐπισιτισμόν
912 1535 944 1596 in
970 1533 1036 1597 dies
1059 1532 1146 1596 acci-

122 1641 232 1714 perent
255 1633 292 1696 ab
313 1634 360 1717 iis,
383 1651 513 1714 qnorum
534 1634 565 1696 in
587 1635 764 1698 servitutem
786 1634 926 1699 homines
947 1654 965 1698 a
985 1653 1020 1699 se
1042 1643 1148 1717 captos

123 1735 325 1800 tradidissent.
369 1735 411 1798 lta
443 1735 683 1820 Theomnestus,
712 1739 739 1803 si
768 1738 840 1819 quid
869 1737 978 1822 video,
1011 1737 1148 1802 Aristoni

125 1838 260 1919 qnotidie
298 1839 468 1922 praebebat
504 1840 626 1905 obolum
656 1841 686 1903 in
721 1842 858 1924 singulos
890 1859 1016 1925 servos,
1051 1850 1085 1905 ut
1113 1845 1147 1908 oi

123 1935 388 2021 ἀνδραποδισταὶ
419 1956 487 2012 coir
516 1947 655 2026 ipsanio
683 1941 911 2029 ἐπισιτισμόν.
962 1931 1146 2008 laudabitur

123 2043 175 2124 qai
197 2041 275 2107 haec
297 2044 410 2108 rectius
435 2052 578 2107 enarrata
597 2044 689 2108 dabit
734 2045 879 2108 ceterum
902 2047 942 2110 de
963 2049 1062 2112 servis
1074 2049 1146 2111 usui

123 2145 248 2208 aliorum
271 2145 379 2209 locatis
399 2164 429 2209 v.
452 2146 583 2209 Bocckb.
606 2165 716 2211 oecon.
739 2145 829 2211 Attio.
850 2148 872 2230 1,
895 2145 954 2210 101
979 2165 1025 2229 sq.

188 2246 240 2329 23,
262 2247 305 2311 22
336 2253 375 2314 ci
406 2247 767 2333 ciaatoal'drticulus
797 2250 907 2314 abesse
940 2267 1002 2315 non
1032 2257 1143 2330 potest.

122 2352 241 2415 Nullum
264 2369 363 2434 genus
385 2369 526 2417 errorum
553 2353 585 2414 in
613 2371 730 2436 papyro
758 2353 948 2436 frequentius
977 2362 1025 2418 est
1053 2371 1144 2436 quam

123 2455 247 2519 omissio
270 2453 453 2537 syllabarum
470 2454 608 2518 similium
634 2455 852 2519 earundemve.

174 2555 237 2639 24,
252 2555 277 2629 ¹l
302 2561 346 2624 ἐν
368 2553 446 2637 αἶς]
470 2557 625 2642 Quaeres,
646 2563 683 2625 ἐν
700 2557 814 2627 aicae?
836 2557 1143 2633 Quominus'creda-

120 2678 187 2724 mus
210 2657 321 2731 niciae
344 2657 402 2722 dici
423 2658 599 2743 probibent,
622 2660 750 2743 opinor,
778 2656 831 2726 ὅτι
861 2659 1063 2745 Λυκοῦργος
1088 2661 1144 2726 λέ-

120 2787 171 2846 yar
190 2762 296 2826 verba.
341 2761 425 2844 Ergo
448 2781 489 2826 ex
512 2754 716 2830 ἀπέστειλαν
731 2757 925 2846 γράψαντες
942 2763 1144 2827 olicenomen

122 2884 183 2947 quo
203 2865 359 2930 referatur
379 2868 417 2931 ἐν
439 2862 505 2944 cir,
525 2866 778 2939 internicie.
834 2862 876 2928 At
906 2864 945 2927 de
974 2866 1143 2946 scripturae

120 2971 250 3034 veritate
272 2969 412 3033 dubito.‘

186 3071 238 3156 24,
260 3071 280 3135 4
303 3068 380 3156 τὴν
399 3070 590 3156 γυναῖκα]
613 3070 652 3136 de
673 3090 733 3153 qua
747 3072 778 3134 in
794 3069 951 3153 deperdita
963 3077 1049 3152 parte
1067 3089 1143 3136 ora-

120 3176 212 3242 tionis
234 3194 409 3243 sermonem
426 3174 526 3239 luisse
548 3175 637 3259 etiam
662 3194 704 3238 ex
724 3174 814 3258 lrgm.
837 3174 951 3243 Hamis,
974 3173 1068 3258 Xllll,
1092 3175 1143 3238 ubi

119 3279 267 3361 Euphemi
289 3279 437 3343 memoria
460 3284 524 3360 est,
545 3277 706 3359 colligitur.
777 3333 787 3345 ,

185 3395 236 3479 24,
251 3399 271 3460 5
294 3393 401 3469 ὅπως
420 3389 478 3479 ,αρ’
492 3389 729 3479 πλησιάσαι]
751 3395 818 3458 Non
831 3401 1011 3458 cunctanter
1026 3393 1143 3456 descivi

121 3520 139 3563 a
163 3499 271 3563 codice
291 3500 461 3584 πλησιαση
483 3494 649 3581 offerente,
671 3515 733 3562 non
757 3516 819 3580 quo
835 3495 1142 3561 canoniDawesiano

120 3605 278 3687 timerem,
307 3602 362 3669 sed
385 3619 427 3664 ne
453 3603 551 3666 oratio
579 3603 682 3668 iuncto
712 3603 818 3668 aoristi
841 3600 1041 3664 coniunctius
1074 3616 1143 3661 cum

120 3706 231 3771 futuro.
244 3700 438 3791 διαφυλάξει
466 3705 636 3789 inaequalis
668 3705 842 3777 alliceretur
870 3710 904 3766 et
930 3701 1023 3768 latua.
1077 3701 1143 3765 Nec

119 3799 260 3877 librarius
282 3808 342 3871 boc
364 3808 435 3872 loco
456 3809 524 3873 solo
546 3809 685 3891 peccavit
713 3810 744 3871 in
766 3807 850 3871 exitu
876 3806 1056 3888 verborum,
1086 3805 1141 3877 cb.

120 3913 157 3976 ad
184 3922 263 3978 orat.
285 3912 454 3995 Euxenipp.
476 3912 507 3996 a,
530 3911 581 3979 19.

183 4027 269 4110 24,6
293 4021 545 4109 διαφυλάξαι
569 4019 722 4110 αὐτήν]
746 4019 1143 4090 AeschinesTinrarch.182

118 4153 147 4214 p.
177 4132 219 4198 26
254 4128 343 4197 affert
374 4129 539 4214 Babingtc:
572 4121 679 4214 ιύρώἰ
712 4120 777 4214 ario
809 4129 935 4199 doctori
968 4125 1142 4212 θυγατέρα
