2806 4896
435 1151 851 1241 PRAEFATIO.
920 1193 923 1198 ·
1060 1192 1063 1197 ·
1138 1174 1142 1179 ’

214 1421 390 1503 Nunquam
409 1428 560 1505 putaram
576 1427 689 1488 nostra
710 1426 817 1488 aetate
836 1422 998 1501 integram
1012 1418 1157 1504 aliquam

139 1539 324 1604 orationem
348 1529 522 1624 Hyperidis
546 1545 714 1624 repertum
738 1541 790 1620 iri,
816 1540 937 1605 nedum
953 1544 1075 1604 memet
1089 1541 1160 1604 edi-

138 1662 244 1723 torem
270 1660 343 1724 sore
368 1666 529 1743 repertae.
580 1659 740 1740 Legeram
773 1675 855 1722 sane
889 1658 1010 1724 alieubi
1042 1659 1162 1724 abhino

90 1825 95 1836 .
139 1778 266 1859 aliquot
287 1790 393 1845 annos
426 1780 468 1845 de
487 1778 639 1845 advento
671 1796 713 1844 ex
745 1779 917 1861 superiore
953 1781 1161 1862 Aegypton

139 1896 344 1964 Britanniam
368 1892 496 1980 papyro
521 1900 637 1977 altero,
661 1899 716 1982 qui
737 1902 769 1962 et
783 1896 854 1980 ipse
874 1895 1060 1979 Hyperidea
1079 1906 1161 1963 eon·-

140 2019 279 2095 tineret‚'
311 2018 426 2081 similis
460 2016 552 2097 eins,
584 2030 628 2081 ex·
663 2035 731 2099 quo
761 2034 850 2082 anno
885 2016 1162 2086 offloccxnvtss

140 2137 300 2201 orationis
323 2141 441 2202 eontra
467 2137 726 2202 Demosthenem
759 2136 899 2200 laciniae
934 2135 1041 2200 editae
1077 2118 1162 2201 snat.

141 2256 206 2322 Sed
231 2259 259 2321 is
287 2243 402 2321 rur'nor
425 2258 588 2322 memoria
620 2273 696 2321 mea
723 2272 829 2339 paene
856 2254 1034 2319 exeiderat.
1095 2254 1163 2322 Nee

140 2376 280 2455 mirum,
302 2393 379 2439 oum
405 2381 575 2441 oratorum
603 2376 784 2442 Attioornm
810 2374 994 2456 provincia,
1019 2393 1162 2457 quornm

141 2516 204 2580 ego
226 2499 388 2580 frequenti
426 2499 559 2581 quidem
595 2500 653 2563 ilio
680 2503 713 2563 et
742 2500 889 2577 vetusto,
924 2497 984 2562 sed
1019 2499 1162 2583 hospitio

140 2624 250 2682 tamen
275 2618 387 2697 fruor,
408 2619 550 2683 aliorum
579 2618 689 2699 potins
702 2617 758 2681 'sit
781 2617 954 2681 doctorum
979 2616 1164 2699 hominnm,

141 2754 204 2815 ego
231 2741 340 2800 autem
366 2736 402 2800 in
427 2738 634 2802 scenicorum
659 2735 864 2817 potissimum
894 2738 1163 2815 poetarumstu-

141 2855 233 2917 dium
259 2869 313 2916 me
334 2855 463 2935 penitus
487 2853 717 2917 immerserim.
778 2851 865 2916 Eoos
899 2868 1002 2930 vero,
1031 2856 1069 2918 in'
1091 2858 1163 2921 aliis

142 2974 298 3039 omnibns
333 2973 445 3038 defixo
475 2975 558 3038 mihi
591 2972 725 3038 ineunte
758 2989 872 3052 mense
908 2970 1030 3038 Martio
1066 2976 1163 3042 huius

142 3094 219 3156 anni
245 3093 482 3174 superveniunt
507 3093 641 3157 litterae·
650 3089 945 3171 cantabrigienses,
972 3092 1090 3174 pienae
1109 3094 1161 3160 oi·

142 3211 207 3275 deii
231 3217 263 3277 et
283 3213 511 3292 humanitatis,
537 3212 623 3276 velte
650 3211 758 3276 virum
781 3210 924 3276 -doetnm
957 3213 1069 3278 neseio
1097 3233 1162 3296 qna

142 3332 243 3396 animi
275 3333 326 3397 sui
361 3331 394 3395 in
429 3348 483 3396 me
497 3350 499 3355 ·
514 3331 739 3413 propensione
773 3333 963 3414 exemplum
991 3331 1058 3396 iam
1092 3337 1161 3399 tum

141 3470 246 3534 paene
270 3452 313 3517 ad
334 3453 527 3517 umbitioum
553 3452 713 3517 adductae
738 3452 891 3516 editionis
920 3452 1060 3518 duarum
1084 3472 1163 3519 ora-

60 3654 69 3668 ,
142 3573 269 3637 tionum
278 3572 451 3654 Hyperidis
470 3590 515 3638 ex
533 3590 659 3656 papyro
681 3577 851 3639 erutarum
871 3571 955 3634 mihi
970 3571 1072 3637 dono
1085 3575 1162 3640 mit-

142 3697 231 3756 tere:
255 3691 291 3754 id
310 3708 376 3772 qua
391 3693 444 3758 via
462 3693 637 3759 commode
650 3693 743 3758 fieret
752 3691 942 3775 quaerebat
981 3691 1064 3758 'l'um
1080 3698 1162 3763 vere

142 3811 294 3876 exultans
320 3800 459 3892 laetitiass
484 3830 560 3878 enm
586 3812 709 3878 samam
741 3811 832 3875 iliam
858 3809 990 3876 incertis
1017 3817 1162 3880 auetori-

142 3931 204 3994 hus
227 3929 394 4008 vulgatam
420 3947 488 3995 non
511 3930 629 3996 feteam
655 3929 757 3993 fuisse
783 3929 1044 4011 eomperiebam,
1071 3935 1162 3999 iitioo

141 4053 381 4118 humanissimo
405 4054 562 4136 insperati
587 4052 736 4117 muneris
767 4053 894 4120 auetori
928 4058 1059 4135 praeter
1083 4071 1160 4134 gra·
