2806 4896
263 431 313 509 70
628 437 913 507 8111101111.

261 617 405 704 piperno
425 617 497 682 licet
518 616 626 680 ductus
648 618 780 702 codicis,
795 619 826 683 in
849 637 911 701 quo
933 634 1010 683 sane
1030 637 1180 703 γογιενος
1208 617 1282 681 satis

261 723 345 785 clare
368 730 464 804 extat,
484 720 655 784 lenocinari
676 722 846 806 videantur,
868 740 920 786 res
934 723 999 803 ipsa
1018 726 1182 802 repugnat.
1205 718 1282 782 Nam

261 825 400 908 proiecto
433 825 573 890 homines
602 826 734 889 omnium
768 833 830 890 tum
863 826 1052 890 Graecorum
1086 824 1284 887 valentissimi

261 928 375 993 viribus
396 947 461 993 non
483 935 571 994 erant
592 923 757 1017 ἀπαγωγῇ
781 931 883 1013 usuri,
915 930 1033 993 etiamsi
1054 947 1112 1012 per
1132 929 1221 1010 leges
1242 927 1282 990 li-

261 1038 359 1114 ceret,
381 1031 437 1096 sed
459 1031 570 1096 lacturi
592 1030 674 1113 quod
691 1039 758 1094 erat
773 1032 923 1115 ipsorum,
946 1025 1132 1120 ἀπάγχειγε
1154 1036 1284 1096 tractant

260 1131 380 1197 fabrilia
402 1134 489 1198 fabri.
533 1134 575 1197 lta
598 1151 676 1216 ergo
700 1129 822 1215 scripsi:
852 1153 923 1198 nam
955 1131 1174 1219 πγιῙγόμονος
1202 1137 1282 1198 bre-

261 1234 329 1299 uius
356 1243 402 1300 cst
431 1255 521 1318 mam
554 1256 610 1319 pro
645 1237 759 1320 spatio,
793 1231 1086 1321 &nonodpoptavor
1116 1236 1280 1319 paullulum

260 1341 398 1404 excurrit
418 1340 551 1424 longius.
605 1341 694 1404 Nunc
716 1341 838 1404 demum
859 1343 1001 1423 congruit
1023 1340 1107 1422 quod
1128 1340 1281 1423 scquitm:

260 1441 312 1515 uic
334 1436 400 1526 γάρ
421 1438 465 1508 ἀγ
486 1433 643 1530 ἠνέσχετο
667 1484 675 1505 ·
700 1485 709 1504 ·
732 1491 741 1511 .
765 1491 774 1508 .
798 1442 853 1509 καὶ
884 1435 947 1512 oria
977 1438 1021 1509 ἀγ
1050 1439 1281 1509 ἀπέκτεινε

259 1538 321 1612 τὸν
343 1546 504 1630 λέγοντας
536 1548 603 1611 sive
633 1547 679 1610 sic
700 1547 820 1633 scripsit
839 1553 946 1610 auctor
968 1547 1034 1611 sive
1057 1542 1239 1628 ἀπέσφαξε.

325 1694 377 1778 25,
401 1692 441 1758 13
466 1695 528 1762 noi
551 1694 726 1780 μιαρῶν]
750 1693 858 1759 Codex
879 1694 1011 1760 dilucide
1031 1695 1173 1779 μικρῶν,
1195 1695 1278 1776 quod

261 1799 412 1863 sententia
434 1799 565 1881 respuit,
589 1799 668 1881 quae
689 1797 767 1862 lraec
792 1804 853 1861 cst:
880 1799 1030 1878 postilla
1052 1797 1227 1876 tonsorato
1250 1805 1283 1860 et

259 1901 450 1981 impudenter
477 1903 561 1964 dicto
590 1902 775 1983 Olorippom
796 1903 977 1965 monuisse
999 1902 1089 1967 istum
1109 1902 1279 1964 mulierma—

261 2005 322 2066 lam
344 2005 457 2067 docere
477 2007 628 2068 osorem!
1080 2003 1082 2007 ’

324 2138 376 2221 25,
400 2136 439 2203 19
459 2131 678 2223 Ἡρακλῆς]
698 2140 730 2205 si
751 2157 872 2203 manum
895 2141 1027 2203 auctoris
1049 2147 1208 2206 assecutus
1233 2147 1282 2202 est

258 2242 426 2327 Babingto‚
448 2250 551 2307 orator
573 2243 661 2327 dicit,
684 2245 836 2307 nemiuem
868 2261 970 2324 neque
1000 2243 1149 2308 furiosum
1177 2242 1280 2305 homi-

260 2365 331 2412 nem
364 2365 468 2429 neque
500 2346 615 2415 fatuum
649 2347 711 2411 lale
743 2347 862 2410 lacinus
884 2334 1037 2411 iacturum
1058 2347 1163 2415 luisse.
1219 2345 1280 2410 Sed

259 2451 407 2531 Margitae
439 2451 581 2532 exemplo
616 2468 685 2514 cum
719 2468 952 2532 saepenumero!
982 2459 1105 2515 utantur
1135 2458 1282 2539 ¹veteres,

260 2552 399 2616 Herculis
420 2553 537 2618 insania
560 2555 700 2636 nonita,
724 2554 806 2636 quod
829 2556 1034 2638 meminerim,
1054 2555 1085 2617 in
1110 2562 1283 2618 consuetu-

260 2656 361 2719 dinem
374 2656 463 2720 'abiit
506 2657 687 2739 Quanquam
713 2657 893 2723 Herodorus
916 2658 965 2723 bis
985 2657 1145 2721 insaniisse
1166 2669 1282 2720 narra-

260 2760 316 2848 uit,
337 2761 466 2842 primum
487 2768 558 2843 post
579 2760 705 2826 caedem
726 2761 906 2845 liberorum,
930 2779 992 2844 quo
1014 2759 1146 2843 pertinet
1164 2755 1282 2845 Ἡρα-

259 2865 338 2948 κλῆς
352 2858 370 2932 o‘
382 2863 594 2949 μαινόμενος
614 2867 812 2949 tragicorum,
835 2873 896 2930 tum
917 2873 987 2948 post
1005 2865 1102 2949 Iphiti,
1123 2885 1153 2929 v.
1174 2863 1285 2928 scholl.

259 2969 342 3032 Pind.
375 2967 477 3035 lsthm.
507 2967 538 3052 4,
572 2967 635 3033 104
668 2978 699 3034 et
727 2968 876 3052 lleynium
909 2969 947 3032 arl
977 2966 1117 3051 Apollcd.
1147 2987 1177 3051 p.
1210 2966 1283 3031 139.

260 3072 347 3154 llihi,
368 3072 419 3135 cui
439 3089 502 3135 non
525 3091 585 3136 una
608 3071 648 3137 de
669 3088 779 3135 caussa
800 3071 940 3136 Herculis
960 3089 1030 3135 cum
1051 3071 1179 3153 Margite
1200 3087 1283 3133 con-

263 3176 388 3240 sortium
410 3174 566 3258 displicet,
601 3175 673 3256 quid
695 3182 796 3238 lamen
817 3174 947 3238 nominis
973 3174 1067 3238 lateat
1088 3191 1156 3241 non¹
1172 3172 1283 3255 liquet:

261 3302 283 3363 η
304 3280 400 3361 possit
420 3273 441 3360 ἢ
465 3296 552 3362 esse,
582 3297 698 3367 xnomen
729 3289 830 3346 autem
852 3305 871 3363 ρ
892 3281 1022 3344 litteram
1048 3280 1080 3342 in
1100 3279 1200 3344 fronte
1222 3276 1284 3340 ha-

259 3383 374 3448 buisse.
410 3382 599 3465 'Quanquam
621 3402 661 3448 ne
684 3384 723 3448 de
746 3408 765 3467 p
788 3383 910 3466 quidem
934 3383 1123 3465 exploratum
1145 3388 1191 3446 est
1207 3378 1283 3442 iue-

260 3488 339 3551 ritnc
361 3486 392 3549 in
415 3485 521 3572 codice
528 3537 537 3572 ‚
560 3506 628 3551 cum
650 3488 806 3569 pertenuis
828 3488 937 3567 ductus
959 3486 1100 3566 supersit.
1156 3482 1233 3558 Quid
1258 3485 1285 3547 si

261 3592 350 3663 Αἴας
371 3589 486 3659 fuerit?
527 3588 617 3655 Certo
639 3581 798 3674 spatiolum
820 3607 931 3654 versus
961 3588 1033 3663 luuic
1062 3588 1163 3671 potius
1191 3604 1284 3667 quam

260 3695 384 3778 Herculi
404 3694 495 3760 iavet.

327 3822 380 3905 26,
403 3820 419 3884 l
442 3814 550 3888 Ἀλλ’·
571 3820 687 3906 οἶμαι
708 3818 801 3901 κτλ]
825 3817 940 3883 Horum
963 3819 1055 3900 plane
1070 3784 1198 3913 'gemina
1213 3822 1285 3882 sunt

263 3926 294 3990 iu
317 3931 393 3988 crat.
415 3925 615 4021 Euxenippon
638 3926 694 3990 col.
719 3921 757 3990 41
773 3944 811 4006 p.
837 3920 886 3986 14.
923 4020 926 4023 ¹

327 4049 422 4130 26,3
455 4044 525 4114 tit
559 4048 601 4117 τὸ
632 4043 866 4118 ἀκίνδυνον
898 4045 1041 4123 coccio
1070 4042 1284 4137 sicot-cor

265 4149 412 4240 ἀγῶνα]
434 4153 541 4217 Pollux
562 4153 592 4237 8,
614 4149 729 4227 52,ὅτι
753 4146 997 4255 ὁίάσαγγάλας
1027 4146 1089 4244 sci
1111 4145 1174 4245 οὐχ
1201 4143 1286 4226 ἑλών
