<?xml version="1.0" encoding="UTF-8"?>
<!DOCTYPE html PUBLIC "-//W3C//DTD XHTML 1.0 Transitional//EN"
    "http://www.w3.org/TR/xhtml1/DTD/xhtml1-transitional.dtd">
<html xmlns="http://www.w3.org/1999/xhtml" xml:lang="en" lang="en">
 <head>
  <title>
</title>
<meta http-equiv="Content-Type" content="text/html;charset=utf-8" />
  <meta name='ocr-system' content='tesseract 3.04.00' />
  <meta name='ocr-capabilities' content='ocr_page ocr_carea ocr_par ocr_line ocrx_word'/>
</head>
<body>
  <div class='ocr_page' id='page_1' title='image "./hyperidisoratio00babigoog_0098.png"; bbox 0 0 2806 4896; ppageno 0'>
   <div class='ocr_carea' id='block_1_1' title="bbox 561 413 1204 540">
    <p class='ocr_par' dir='ltr' id='par_1_1' title="bbox 561 413 1204 540">
     <span class='ocr_line' id='line_1_1' title="bbox 561 413 1204 540; baseline 0.002 -30"><span class='ocrx_word' id='word_1_1' title='bbox 561 413 837 540; x_wconf 10' lang='lat' dir='ltr'><strong>soluetur.</strong></span> <span class='ocrx_word' id='word_1_2' title='bbox 1155 435 1204 511; x_wconf 81' lang='grc'><strong>63</strong></span> 
     </span>
    </p>
   </div>
   <div class='ocr_carea' id='block_1_2' title="bbox 183 606 1216 1018">
    <p class='ocr_par' dir='ltr' id='par_1_2' title="bbox 183 606 1216 1018">
     <span class='ocr_line' id='line_1_2' title="bbox 239 606 1216 706; baseline -0.002 -20"><span class='ocrx_word' id='word_1_3' title='bbox 239 624 386 706; x_wconf 76' lang='lat' dir='ltr'><strong>lempus</strong></span> <span class='ocrx_word' id='word_1_4' title='bbox 413 622 534 685; x_wconf 86' lang='lat' dir='ltr'><strong>babilae</strong></span> <span class='ocrx_word' id='word_1_5' title='bbox 567 621 724 686; x_wconf 84' lang='lat' dir='ltr'><strong>orationis</strong></span> <span class='ocrx_word' id='word_1_6' title='bbox 745 620 861 705; x_wconf 73' lang='lat' dir='ltr'><strong>aliqua</strong></span> <span class='ocrx_word' id='word_1_7' title='bbox 874 641 914 685; x_wconf 84' lang='lat' dir='ltr'><strong>ex</strong></span> <span class='ocrx_word' id='word_1_8' title='bbox 939 607 1027 703; x_wconf 89' lang='lat' dir='ltr'><strong>parte</strong></span> <span class='ocrx_word' id='word_1_9' title='bbox 1055 606 1216 702; x_wconf 68' lang='lat' dir='ltr'>colligitur</span> 
     </span>
     <span class='ocr_line' id='line_1_3' title="bbox 183 725 1206 809; baseline -0.006 -16"><span class='ocrx_word' id='word_1_10' title='bbox 183 748 230 794; x_wconf 86' lang='lat' dir='ltr'><strong>ex</strong></span> <span class='ocrx_word' id='word_1_11' title='bbox 247 728 540 792; x_wconf 88' lang='lat' dir='ltr'><strong>commemoratione</strong></span> <span class='ocrx_word' id='word_1_12' title='bbox 560 725 709 809; x_wconf 74' lang='lat' dir='ltr'>Dioxippi.</span> <span class='ocrx_word' id='word_1_13' title='bbox 755 727 813 801; x_wconf 80' lang='lat' dir='ltr'><strong>Qui</strong></span> <span class='ocrx_word' id='word_1_14' title='bbox 826 726 1035 791; x_wconf 79' lang='lat' dir='ltr'><strong>Alexandrum</strong></span> <span class='ocrx_word' id='word_1_15' title='bbox 1053 726 1084 788; x_wconf 93' lang='lat' dir='ltr'><strong>in</strong></span> <span class='ocrx_word' id='word_1_16' title='bbox 1098 726 1206 790; x_wconf 88' lang='lat' dir='ltr'><strong>-Asiam</strong></span> 
     </span>
     <span class='ocr_line' id='line_1_4' title="bbox 186 829 1206 920; baseline -0.008 -21"><span class='ocrx_word' id='word_1_17' title='bbox 186 829 370 899; x_wconf 68' lang='lat' dir='ltr'><strong>secutus‘in</strong></span> <span class='ocrx_word' id='word_1_18' title='bbox 390 829 471 893; x_wconf 88' lang='lat' dir='ltr'><strong>lndis</strong></span> <span class='ocrx_word' id='word_1_19' title='bbox 488 830 550 895; x_wconf 87' lang='lat' dir='ltr'><strong>sibi</strong></span> <span class='ocrx_word' id='word_1_20' title='bbox 579 847 689 920; x_wconf 85' lang='lat' dir='ltr'><strong>necem</strong></span> <span class='ocrx_word' id='word_1_21' title='bbox 722 831 869 917; x_wconf 76' lang='lat' dir='ltr'><strong>intulita.</strong></span> <span class='ocrx_word' id='word_1_22' title='bbox 892 829 965 895; x_wconf 79' lang='lat'>326.</span> <span class='ocrx_word' id='word_1_23' title='bbox 1018 829 1100 895; x_wconf 83' lang='lat' dir='ltr'><strong>Ante</strong></span> <span class='ocrx_word' id='word_1_24' title='bbox 1124 830 1206 893; x_wconf 86' lang='lat' dir='ltr'><strong>illum</strong></span> 
     </span>
     <span class='ocr_line' id='line_1_5' title="bbox 185 921 894 1018; baseline 0 -20"><span class='ocrx_word' id='word_1_25' title='bbox 185 928 415 1018; x_wconf 63' lang='lat' dir='ltr'><strong>igitur‘annnm</strong></span> <span class='ocrx_word' id='word_1_26' title='bbox 437 932 516 997; x_wconf 87' lang='lat' dir='ltr'><strong>baec</strong></span> <span class='ocrx_word' id='word_1_27' title='bbox 538 939 606 999; x_wconf 83' lang='lat' dir='ltr'><strong>acta</strong></span> <span class='ocrx_word' id='word_1_28' title='bbox 627 941 706 1000; x_wconf 87' lang='lat' dir='ltr'><strong>sunt.</strong></span> <span class='ocrx_word' id='word_1_29' title='bbox 848 921 850 926; x_wconf 67' lang='grc'><strong>’</strong></span> <span class='ocrx_word' id='word_1_30' title='bbox 890 942 894 947; x_wconf 85' lang='grc'><strong>’</strong></span> 
     </span>
    </p>
   </div>
   <div class='ocr_carea' id='block_1_3' title="bbox 559 1168 838 1180">
    <p class='ocr_par' dir='ltr' id='par_1_3' title="bbox 559 1168 838 1180">
     <span class='ocr_line' id='line_1_6' title="bbox 559 1168 838 1180; baseline -0.007 -1"><span class='ocrx_word' id='word_1_31' title='bbox 559 1168 838 1180; x_wconf 59' lang='lat' dir='ltr'><strong>-n-—n-——n-</strong></span> 
     </span>
    </p>
   </div>
   <div class='ocr_carea' id='block_1_4' title="bbox 126 1358 1220 4243">
    <p class='ocr_par' dir='ltr' id='par_1_4' title="bbox 126 1358 1220 3938">
     <span class='ocr_line' id='line_1_7' title="bbox 252 1358 1208 1458; baseline 0.004 -22"><span class='ocrx_word' id='word_1_32' title='bbox 252 1373 418 1438; x_wconf 85' lang='lat' dir='ltr'><strong>Hamisiani</strong></span> <span class='ocrx_word' id='word_1_33' title='bbox 439 1374 547 1457; x_wconf 76' lang='lat' dir='ltr'><strong>papyri</strong></span> <span class='ocrx_word' id='word_1_34' title='bbox 567 1358 867 1438; x_wconf 86' lang='lat' dir='ltr'><strong>lacerascolumnas</strong></span> <span class='ocrx_word' id='word_1_35' title='bbox 875 1380 941 1439; x_wconf 87' lang='lat' dir='ltr'><strong>tres</strong></span> <span class='ocrx_word' id='word_1_36' title='bbox 958 1375 1031 1439; x_wconf 89' lang='lat' dir='ltr'>nihil</span> <span class='ocrx_word' id='word_1_37' title='bbox 1045 1393 1208 1458; x_wconf 84' lang='lat' dir='ltr'><strong>commune</strong></span> 
     </span>
     <span class='ocr_line' id='line_1_8' title="bbox 186 1464 1208 1561; baseline 0.006 -21"><span class='ocrx_word' id='word_1_38' title='bbox 186 1464 304 1541; x_wconf 85' lang='lat' dir='ltr'><strong>babere</strong></span> <span class='ocrx_word' id='word_1_39' title='bbox 324 1493 392 1540; x_wconf 90' lang='lat' dir='ltr'><strong>cum</strong></span> <span class='ocrx_word' id='word_1_40' title='bbox 417 1479 558 1542; x_wconf 89' lang='lat' dir='ltr'><strong>oratione</strong></span> <span class='ocrx_word' id='word_1_41' title='bbox 579 1485 686 1541; x_wconf 89' lang='lat' dir='ltr'><strong>eontra</strong></span> <span class='ocrx_word' id='word_1_42' title='bbox 707 1476 965 1561; x_wconf 79' lang='lat' dir='ltr'><strong>Demosthenem,</strong></span> <span class='ocrx_word' id='word_1_43' title='bbox 997 1481 1085 1544; x_wconf 91' lang='lat' dir='ltr'><strong>cuius</strong></span> <span class='ocrx_word' id='word_1_44' title='bbox 1104 1486 1208 1561; x_wconf 89' lang='lat' dir='ltr'><strong>partes</strong></span> 
     </span>
     <span class='ocr_line' id='line_1_9' title="bbox 187 1579 1209 1665; baseline 0.002 -21"><span class='ocrx_word' id='word_1_45' title='bbox 187 1579 327 1662; x_wconf 86' lang='lat' dir='ltr'><strong>reliquae</strong></span> <span class='ocrx_word' id='word_1_46' title='bbox 349 1580 510 1645; x_wconf 90' lang='lat' dir='ltr'><strong>columnae</strong></span> <span class='ocrx_word' id='word_1_47' title='bbox 533 1587 816 1665; x_wconf 83' lang='lat' dir='ltr'><strong>conservaverunt,</strong></span> <span class='ocrx_word' id='word_1_48' title='bbox 838 1582 893 1646; x_wconf 88' lang='lat' dir='ltr'><strong>sed</strong></span> <span class='ocrx_word' id='word_1_49' title='bbox 917 1582 956 1645; x_wconf 92' lang='lat' dir='ltr'><strong>ad</strong></span> <span class='ocrx_word' id='word_1_50' title='bbox 978 1584 1126 1647; x_wconf 89' lang='lat' dir='ltr'><strong>orationis</strong></span> <span class='ocrx_word' id='word_1_51' title='bbox 1148 1583 1209 1646; x_wconf 92' lang='lat' dir='ltr'><strong>de-</strong></span> 
     </span>
     <span class='ocr_line' id='line_1_10' title="bbox 169 1683 1210 1767; baseline 0.002 -20"><span class='ocrx_word' id='word_1_52' title='bbox 169 1683 343 1749; x_wconf 81' lang='lat' dir='ltr'><strong>lensoriae</strong></span> <span class='ocrx_word' id='word_1_53' title='bbox 363 1684 395 1746; x_wconf 93' lang='lat' dir='ltr'><strong>in</strong></span> <span class='ocrx_word' id='word_1_54' title='bbox 418 1702 527 1750; x_wconf 87' lang='lat' dir='ltr'><strong>caussa</strong></span> <span class='ocrx_word' id='word_1_55' title='bbox 547 1684 668 1766; x_wconf 86' lang='lat' dir='ltr'><strong>publica</strong></span> <span class='ocrx_word' id='word_1_56' title='bbox 684 1683 805 1747; x_wconf 89' lang='lat' dir='ltr'><strong>habitae</strong></span> <span class='ocrx_word' id='word_1_57' title='bbox 820 1687 1010 1766; x_wconf 89' lang='lat' dir='ltr'><strong>prooemium</strong></span> <span class='ocrx_word' id='word_1_58' title='bbox 1026 1687 1210 1767; x_wconf 89' lang='lat' dir='ltr'><strong>pertinuisse</strong></span> 
     </span>
     <span class='ocr_line' id='line_1_11' title="bbox 189 1778 1210 1872; baseline 0.003 -22"><span class='ocrx_word' id='word_1_59' title='bbox 189 1787 325 1851; x_wconf 73' lang='lat' dir='ltr'><strong>editores</strong></span> <span class='ocrx_word' id='word_1_60' title='bbox 347 1782 404 1852; x_wconf 81' lang='lat' dir='ltr'><strong>sub</strong></span> <span class='ocrx_word' id='word_1_61' title='bbox 430 1789 561 1869; x_wconf 89' lang='lat' dir='ltr'><strong>quisque</strong></span> <span class='ocrx_word' id='word_1_62' title='bbox 583 1778 1024 1872; x_wconf 79' lang='lat' dir='ltr'><strong>acumine·pers&#39;pexe&#39;runt,A.</strong></span> <span class='ocrx_word' id='word_1_63' title='bbox 1038 1789 1210 1853; x_wconf 86' lang='lat' dir='ltr'><strong>Bceekbius</strong></span> 
     </span>
     <span class='ocr_line' id='line_1_12' title="bbox 189 1889 1209 1983; baseline 0.002 -28"><span class='ocrx_word' id='word_1_64' title='bbox 189 1891 229 1983; x_wconf 88' lang='lat' dir='ltr'><strong>de</strong></span> <span class='ocrx_word' id='word_1_65' title='bbox 252 1900 340 1957; x_wconf 85' lang='lat' dir='ltr'><strong>oratt.</strong></span> <span class='ocrx_word' id='word_1_66' title='bbox 363 1892 507 1976; x_wconf 79' lang='lat' dir='ltr'><strong>Hyperid.</strong></span> <span class='ocrx_word' id='word_1_67' title='bbox 527 1892 665 1974; x_wconf 89' lang='lat' dir='ltr'><strong>reliquiis</strong></span> <span class='ocrx_word' id='word_1_68' title='bbox 686 1889 868 1956; x_wconf 85' lang='lat' dir='ltr'><strong>llarrisianis</strong></span> <span class='ocrx_word' id='word_1_69' title='bbox 889 1910 918 1973; x_wconf 89' lang='lat' dir='ltr'><strong>p.</strong></span> <span class='ocrx_word' id='word_1_70' title='bbox 940 1891 991 1975; x_wconf 83' lang='lat'><strong>40,</strong></span> <span class='ocrx_word' id='word_1_71' title='bbox 1012 1893 1209 1976; x_wconf 79' lang='lat' dir='ltr'><strong>llsauppins</strong></span> 
     </span>
     <span class='ocr_line' id='line_1_13' title="bbox 188 1993 1210 2081; baseline 0.003 -22"><span class='ocrx_word' id='word_1_72' title='bbox 188 1994 342 2079; x_wconf 82' lang='lat' dir='ltr'><strong>Pbilclcgi&#39;</strong></span> <span class='ocrx_word' id='word_1_73' title='bbox 358 1997 418 2060; x_wconf 87' lang='lat' dir='ltr'><strong>vol.</strong></span> <span class='ocrx_word' id='word_1_74' title='bbox 441 1995 471 2078; x_wconf 85' lang='lat'><strong>3,</strong></span> <span class='ocrx_word' id='word_1_75' title='bbox 492 1995 556 2060; x_wconf 84' lang='grc'><strong>683</strong></span> <span class='ocrx_word' id='word_1_76' title='bbox 586 2003 617 2058; x_wconf 93' lang='lat' dir='ltr'><strong>et</strong></span> <span class='ocrx_word' id='word_1_77' title='bbox 644 1994 738 2057; x_wconf 88' lang='lat' dir='ltr'><strong>Oratt.</strong></span> <span class='ocrx_word' id='word_1_78' title='bbox 766 1994 886 2078; x_wconf 78' lang='lat' dir='ltr'><strong>frgmm.</strong></span> <span class='ocrx_word' id='word_1_79' title='bbox 909 2013 938 2076; x_wconf 91' lang='lat' dir='ltr'><strong>p.</strong></span> <span class='ocrx_word' id='word_1_80' title='bbox 960 1993 1051 2079; x_wconf 64' lang='lat'><strong>352¹),</strong></span> <span class='ocrx_word' id='word_1_81' title='bbox 1077 1999 1210 2081; x_wconf 91' lang='lat' dir='ltr'><strong>denique</strong></span> 
     </span>
     <span class='ocr_line' id='line_1_14' title="bbox 190 2097 1211 2179; baseline 0.004 -16"><span class='ocrx_word' id='word_1_82' title='bbox 190 2100 382 2164; x_wconf 90' lang='lat' dir='ltr'><strong>doctissimus</strong></span> <span class='ocrx_word' id='word_1_83' title='bbox 411 2104 581 2163; x_wconf 87' lang='lat' dir='ltr'><strong>nostrarum</strong></span> <span class='ocrx_word' id='word_1_84' title='bbox 610 2098 782 2159; x_wconf 88' lang='lat' dir='ltr'><strong>orationum</strong></span> <span class='ocrx_word' id='word_1_85' title='bbox 812 2097 929 2178; x_wconf 70' lang='lat' dir='ltr'><strong>editor,</strong></span> <span class='ocrx_word' id='word_1_86' title='bbox 963 2099 1015 2179; x_wconf 93' lang='lat' dir='ltr'><strong>qui</strong></span> <span class='ocrx_word' id='word_1_87' title='bbox 1047 2118 1110 2163; x_wconf 91' lang='lat' dir='ltr'><strong>non</strong></span> <span class='ocrx_word' id='word_1_88' title='bbox 1137 2103 1211 2167; x_wconf 88' lang='lat' dir='ltr'><strong>visis</strong></span> 
     </span>
     <span class='ocr_line' id='line_1_15' title="bbox 188 2198 1210 2286; baseline 0.003 -21"><span class='ocrx_word' id='word_1_89' title='bbox 188 2203 379 2285; x_wconf 87' lang='lat' dir='ltr'><strong>popularium</strong></span> <span class='ocrx_word' id='word_1_90' title='bbox 401 2207 577 2264; x_wconf 89' lang='lat' dir='ltr'><strong>nostrorum</strong></span> <span class='ocrx_word' id='word_1_91' title='bbox 604 2199 685 2263; x_wconf 88' lang='lat' dir='ltr'><strong>curis</strong></span> <span class='ocrx_word' id='word_1_92' title='bbox 715 2198 838 2262; x_wconf 88' lang='lat' dir='ltr'><strong>easdem</strong></span> <span class='ocrx_word' id='word_1_93' title='bbox 870 2198 1016 2286; x_wconf 87' lang='lat' dir='ltr'><strong>reliquias</strong></span> <span class='ocrx_word' id='word_1_94' title='bbox 1047 2203 1210 2283; x_wconf 86' lang='lat' dir='ltr'><strong>publicavit</strong></span> 
     </span>
     <span class='ocr_line' id='line_1_16' title="bbox 188 2299 1211 2386; baseline 0 -17"><span class='ocrx_word' id='word_1_95' title='bbox 188 2305 317 2370; x_wconf 82' lang='lat' dir='ltr'><strong>Londini</strong></span> <span class='ocrx_word' id='word_1_96' title='bbox 340 2314 371 2373; x_wconf 88' lang='lat' dir='ltr'><strong>et</strong></span> <span class='ocrx_word' id='word_1_97' title='bbox 393 2303 610 2386; x_wconf 78' lang='lat' dir='ltr'><strong>cantabrigiae</strong></span> <span class='ocrx_word' id='word_1_98' title='bbox 631 2318 657 2364; x_wconf 91' lang='lat' dir='ltr'><strong>a.</strong></span> <span class='ocrx_word' id='word_1_99' title='bbox 683 2299 776 2384; x_wconf 84' lang='lat'><strong>1850,</strong></span> <span class='ocrx_word' id='word_1_100' title='bbox 798 2319 827 2382; x_wconf 93' lang='lat' dir='ltr'><strong>p.</strong></span> <span class='ocrx_word' id='word_1_101' title='bbox 852 2301 894 2366; x_wconf 81' lang='lat' dir='ltr'><strong>to</strong></span> <span class='ocrx_word' id='word_1_102' title='bbox 916 2322 982 2386; x_wconf 91' lang='lat' dir='ltr'><strong>sqq.</strong></span> <span class='ocrx_word' id='word_1_103' title='bbox 1037 2304 1121 2368; x_wconf 90' lang='lat' dir='ltr'><strong>Idem</strong></span> <span class='ocrx_word' id='word_1_104' title='bbox 1146 2305 1211 2369; x_wconf 86' lang='lat' dir='ltr'><strong>Ba·</strong></span> 
     </span>
     <span class='ocr_line' id='line_1_17' title="bbox 189 2404 1212 2491; baseline 0 -20"><span class='ocrx_word' id='word_1_105' title='bbox 189 2409 315 2491; x_wconf 84' lang='lat' dir='ltr'><strong>bingtc,</strong></span> <span class='ocrx_word' id='word_1_106' title='bbox 337 2415 498 2489; x_wconf 88' lang='lat' dir='ltr'><strong>postquam</strong></span> <span class='ocrx_word' id='word_1_107' title='bbox 520 2404 694 2468; x_wconf 73' lang='lat' dir='ltr'><strong>certissimis</strong></span> <span class='ocrx_word' id='word_1_108' title='bbox 722 2404 840 2468; x_wconf 87' lang='lat' dir='ltr'><strong>indiciis</strong></span> <span class='ocrx_word' id='word_1_109' title='bbox 863 2407 994 2477; x_wconf 88' lang='lat' dir='ltr'><strong>evictum</strong></span> <span class='ocrx_word' id='word_1_110' title='bbox 1017 2415 1079 2491; x_wconf 83' lang='lat' dir='ltr'><strong>est,</strong></span> <span class='ocrx_word' id='word_1_111' title='bbox 1102 2407 1212 2473; x_wconf 84' lang='lat' dir='ltr'><strong>Harri-</strong></span> 
     </span>
     <span class='ocr_line' id='line_1_18' title="bbox 188 2503 1211 2593; baseline 0.002 -18"><span class='ocrx_word' id='word_1_112' title='bbox 188 2513 278 2575; x_wconf 84' lang='lat' dir='ltr'><strong>siena</strong></span> <span class='ocrx_word' id='word_1_113' title='bbox 305 2510 376 2573; x_wconf 89' lang='lat' dir='ltr'><strong>folia</strong></span> <span class='ocrx_word' id='word_1_114' title='bbox 406 2527 424 2577; x_wconf 77' lang='lat' dir='ltr'>a</span> <span class='ocrx_word' id='word_1_115' title='bbox 453 2524 568 2589; x_wconf 77' lang='lat' dir='ltr'><strong>papyro</strong></span> <span class='ocrx_word' id='word_1_116' title='bbox 598 2503 776 2570; x_wconf 83' lang='lat' dir='ltr'><strong>Ardeniano</strong></span> <span class='ocrx_word' id='word_1_117' title='bbox 806 2525 876 2571; x_wconf 89' lang='lat' dir='ltr'><strong>esse</strong></span> <span class='ocrx_word' id='word_1_118' title='bbox 905 2509 1025 2593; x_wconf 89' lang='lat' dir='ltr'><strong>avulsa,</strong></span> <span class='ocrx_word' id='word_1_119' title='bbox 1051 2513 1211 2577; x_wconf 85' lang='lat' dir='ltr'><strong>verissime</strong></span> 
     </span>
     <span class='ocr_line' id='line_1_19' title="bbox 185 2611 1210 2697; baseline 0.005 -19"><span class='ocrx_word' id='word_1_120' title='bbox 185 2615 352 2697; x_wconf 85' lang='lat' dir='ltr'><strong>intellexit,</strong></span> <span class='ocrx_word' id='word_1_121' title='bbox 374 2611 613 2695; x_wconf 77' lang='lat' dir='ltr'><strong>Lyccpbroneae</strong></span> <span class='ocrx_word' id='word_1_122' title='bbox 636 2612 785 2677; x_wconf 86' lang='lat' dir='ltr'><strong>orationis</strong></span> <span class='ocrx_word' id='word_1_123' title='bbox 795 2616 954 2695; x_wconf 89' lang='lat' dir='ltr'><strong>prooemio</strong></span> <span class='ocrx_word' id='word_1_124' title='bbox 968 2614 1034 2680; x_wconf 87' lang='lat' dir='ltr'><strong>illas</strong></span> <span class='ocrx_word' id='word_1_125' title='bbox 1054 2619 1210 2684; x_wconf 90' lang='lat' dir='ltr'><strong>columnas</strong></span> 
     </span>
     <span class='ocr_line' id='line_1_20' title="bbox 189 2712 1211 2807; baseline 0.005 -26"><span class='ocrx_word' id='word_1_126' title='bbox 189 2716 386 2781; x_wconf 86' lang='lat' dir='ltr'><strong>ascribendas</strong></span> <span class='ocrx_word' id='word_1_127' title='bbox 419 2733 499 2807; x_wconf 45' lang='lat' dir='ltr'><strong>esses</strong></span> <span class='ocrx_word' id='word_1_128' title='bbox 563 2712 658 2779; x_wconf 88' lang='lat' dir='ltr'><strong>Simul</strong></span> <span class='ocrx_word' id='word_1_129' title='bbox 692 2712 763 2775; x_wconf 93' lang='lat' dir='ltr'><strong>illud</strong></span> <span class='ocrx_word' id='word_1_130' title='bbox 797 2731 879 2776; x_wconf 89' lang='lat' dir='ltr'><strong>nune</strong></span> <span class='ocrx_word' id='word_1_131' title='bbox 907 2734 1023 2781; x_wconf 90' lang='lat' dir='ltr'><strong>summe</strong></span> <span class='ocrx_word' id='word_1_132' title='bbox 1054 2722 1211 2801; x_wconf 86' lang='lat' dir='ltr'><strong>probabile</strong></span> 
     </span>
     <span class='ocr_line' id='line_1_21' title="bbox 190 2808 1209 2904; baseline 0.004 -20"><span class='ocrx_word' id='word_1_133' title='bbox 190 2821 237 2904; x_wconf 86' lang='lat' dir='ltr'><strong>lit,</strong></span> <span class='ocrx_word' id='word_1_134' title='bbox 259 2828 321 2884; x_wconf 92' lang='lat' dir='ltr'><strong>non</strong></span> <span class='ocrx_word' id='word_1_135' title='bbox 342 2827 428 2885; x_wconf 88' lang='lat' dir='ltr'><strong>recte</strong></span> <span class='ocrx_word' id='word_1_136' title='bbox 454 2808 650 2883; x_wconf 86' lang='lat' dir='ltr'><strong>adversatum</strong></span> <span class='ocrx_word' id='word_1_137' title='bbox 683 2832 754 2879; x_wconf 91' lang='lat' dir='ltr'><strong>esse</strong></span> <span class='ocrx_word' id='word_1_138' title='bbox 784 2815 820 2879; x_wconf 88' lang='grc' dir='ltr'><strong>Η.</strong></span> <span class='ocrx_word' id='word_1_139' title='bbox 846 2817 1010 2900; x_wconf 90' lang='lat' dir='ltr'><strong>Sanppium</strong></span> <span class='ocrx_word' id='word_1_140' title='bbox 1039 2828 1209 2889; x_wconf 90' lang='lat' dir='ltr'><strong>sententiae</strong></span> 
     </span>
     <span class='ocr_line' id='line_1_22' title="bbox 190 2918 1210 3006; baseline 0.004 -21"><span class='ocrx_word' id='word_1_141' title='bbox 190 2922 351 3006; x_wconf 85' lang='lat' dir='ltr'><strong>iloeckbii,</strong></span> <span class='ocrx_word' id='word_1_142' title='bbox 383 2922 439 2986; x_wconf 90' lang='lat' dir='ltr'><strong>ccl.</strong></span> <span class='ocrx_word' id='word_1_143' title='bbox 470 2918 550 2983; x_wconf 84' lang='lat' dir='ltr'><strong>xvtt</strong></span> <span class='ocrx_word' id='word_1_144' title='bbox 576 2918 809 2982; x_wconf 87' lang='lat' dir='ltr'><strong>adorationem</strong></span> <span class='ocrx_word' id='word_1_145' title='bbox 838 2920 968 3002; x_wconf 82' lang='lat' dir='ltr'><strong>aliquam</strong></span> <span class='ocrx_word' id='word_1_146' title='bbox 997 2921 1210 2989; x_wconf 88' lang='lat' dir='ltr'><strong>hereditariam</strong></span> 
     </span>
     <span class='ocr_line' id='line_1_23' title="bbox 192 3020 1210 3109; baseline 0.002 -18"><span class='ocrx_word' id='word_1_147' title='bbox 192 3028 349 3092; x_wconf 86' lang='lat' dir='ltr'><strong>accenseri</strong></span> <span class='ocrx_word' id='word_1_148' title='bbox 370 3022 567 3109; x_wconf 85' lang='lat' dir='ltr'><strong>prohibentis.</strong></span> <span class='ocrx_word' id='word_1_149' title='bbox 608 3020 685 3084; x_wconf 92' lang='lat' dir='ltr'><strong>Nam</strong></span> <span class='ocrx_word' id='word_1_150' title='bbox 709 3039 778 3087; x_wconf 90' lang='lat' dir='ltr'><strong>oum</strong></span> <span class='ocrx_word' id='word_1_151' title='bbox 798 3021 829 3084; x_wconf 91' lang='lat' dir='ltr'><strong>in</strong></span> <span class='ocrx_word' id='word_1_152' title='bbox 850 3026 938 3104; x_wconf 83' lang='lat' dir='ltr'><strong>parta</strong></span> <span class='ocrx_word' id='word_1_153' title='bbox 960 3026 1106 3090; x_wconf 83' lang='lat' dir='ltr'><strong>orationis</strong></span> <span class='ocrx_word' id='word_1_154' title='bbox 1128 3047 1210 3093; x_wconf 89' lang='lat' dir='ltr'><strong>nunc</strong></span> 
     </span>
     <span class='ocr_line' id='line_1_24' title="bbox 192 3127 1209 3213; baseline 0.002 -18"><span class='ocrx_word' id='word_1_155' title='bbox 192 3139 314 3213; x_wconf 85' lang='lat' dir='ltr'><strong>reperta</strong></span> <span class='ocrx_word' id='word_1_156' title='bbox 334 3129 483 3211; x_wconf 86' lang='lat' dir='ltr'><strong>llupbemi</strong></span> <span class='ocrx_word' id='word_1_157' title='bbox 503 3127 581 3191; x_wconf 89' lang='lat' dir='ltr'><strong>illius</strong></span> <span class='ocrx_word' id='word_1_158' title='bbox 602 3133 743 3189; x_wconf 86' lang='lat' dir='ltr'><strong>recurrat</strong></span> <span class='ocrx_word' id='word_1_159' title='bbox 764 3127 899 3210; x_wconf 86' lang='lat' dir='ltr'><strong>mentio,</strong></span> <span class='ocrx_word' id='word_1_160' title='bbox 928 3127 966 3190; x_wconf 96' lang='lat' dir='ltr'><strong>ad</strong></span> <span class='ocrx_word' id='word_1_161' title='bbox 988 3128 1134 3194; x_wconf 89' lang='lat' dir='ltr'><strong>Bceckhii</strong></span> <span class='ocrx_word' id='word_1_162' title='bbox 1156 3134 1209 3198; x_wconf 91' lang='lat' dir='ltr'><strong>iu-</strong></span> 
     </span>
     <span class='ocr_line' id='line_1_25' title="bbox 192 3216 1209 3314; baseline 0.002 -18"><span class='ocrx_word' id='word_1_163' title='bbox 192 3216 299 3296; x_wconf 85' lang='lat' dir='ltr'><strong>dicium</strong></span> <span class='ocrx_word' id='word_1_164' title='bbox 323 3249 434 3314; x_wconf 80' lang='lat' dir='ltr'><strong>magna</strong></span> <span class='ocrx_word' id='word_1_165' title='bbox 455 3230 535 3293; x_wconf 87' lang='lat' dir='ltr'><strong>lacta</strong></span> <span class='ocrx_word' id='word_1_166' title='bbox 558 3236 606 3313; x_wconf 84' lang='lat' dir='ltr'><strong>est</strong></span> <span class='ocrx_word' id='word_1_167' title='bbox 626 3228 845 3310; x_wconf 82' lang='lat' dir='ltr'><strong>probabilitatis</strong></span> <span class='ocrx_word' id='word_1_168' title='bbox 863 3232 1014 3296; x_wconf 81' lang='lat' dir='ltr'><strong>accessio.</strong></span> <span class='ocrx_word' id='word_1_169' title='bbox 1058 3233 1209 3300; x_wconf 64' lang='lat' dir='ltr'><strong>bientiae}-</strong></span> 
     </span>
     <span class='ocr_line' id='line_1_26' title="bbox 192 3318 1209 3421; baseline 0.004 -23"><span class='ocrx_word' id='word_1_170' title='bbox 192 3337 282 3400; x_wconf 89' lang='lat' dir='ltr'><strong>rimus</strong></span> <span class='ocrx_word' id='word_1_171' title='bbox 319 3336 431 3417; x_wconf 91' lang='lat' dir='ltr'><strong>modo,</strong></span> <span class='ocrx_word' id='word_1_172' title='bbox 471 3333 705 3398; x_wconf 87' lang='lat' dir='ltr'><strong>coacervavisse</strong></span> <span class='ocrx_word' id='word_1_173' title='bbox 736 3318 910 3415; x_wconf 80' lang='lat' dir='ltr'><strong>Lycurgum</strong></span> <span class='ocrx_word' id='word_1_174' title='bbox 940 3337 1032 3400; x_wconf 90' lang='lat' dir='ltr'><strong>multa</strong></span> <span class='ocrx_word' id='word_1_175' title='bbox 1062 3340 1209 3421; x_wconf 84' lang='lat' dir='ltr'><strong>variaque</strong></span> 
     </span>
     <span class='ocr_line' id='line_1_27' title="bbox 193 3428 1210 3521; baseline 0.003 -20"><span class='ocrx_word' id='word_1_176' title='bbox 193 3438 315 3501; x_wconf 89' lang='lat' dir='ltr'><strong>crimina</strong></span> <span class='ocrx_word' id='word_1_177' title='bbox 335 3439 366 3500; x_wconf 94' lang='lat' dir='ltr'><strong>in</strong></span> <span class='ocrx_word' id='word_1_178' title='bbox 380 3456 451 3502; x_wconf 90' lang='lat' dir='ltr'><strong>eum</strong></span> <span class='ocrx_word' id='word_1_179' title='bbox 464 3455 555 3519; x_wconf 91' lang='lat' dir='ltr'><strong>quem</strong></span> <span class='ocrx_word' id='word_1_180' title='bbox 571 3452 659 3521; x_wconf 84' lang='lat' dir='ltr'><strong>reum</strong></span> <span class='ocrx_word' id='word_1_181' title='bbox 670 3434 822 3498; x_wconf 87' lang='lat' dir='ltr'><strong>detulerat</strong></span> <span class='ocrx_word' id='word_1_182' title='bbox 834 3428 1076 3519; x_wconf 80' lang='lat' dir='ltr'><strong>Lycophronem.</strong></span> <span class='ocrx_word' id='word_1_183' title='bbox 1100 3442 1210 3514; x_wconf 77' lang='lat' dir='ltr'><strong>Quan-</strong></span> 
     </span>
     <span class='ocr_line' id='line_1_28' title="bbox 193 3537 1209 3625; baseline 0.002 -19"><span class='ocrx_word' id='word_1_184' title='bbox 193 3558 279 3624; x_wconf 84' lang='lat' dir='ltr'><strong>quam</strong></span> <span class='ocrx_word' id='word_1_185' title='bbox 301 3560 362 3625; x_wconf 93' lang='lat' dir='ltr'><strong>quo</strong></span> <span class='ocrx_word' id='word_1_186' title='bbox 383 3539 506 3605; x_wconf 89' lang='lat' dir='ltr'><strong>tandem</strong></span> <span class='ocrx_word' id='word_1_187' title='bbox 529 3538 651 3603; x_wconf 86' lang='lat' dir='ltr'><strong>vinculo</strong></span> <span class='ocrx_word' id='word_1_188' title='bbox 672 3556 724 3602; x_wconf 87' lang='lat' dir='ltr'><strong>res</strong></span> <span class='ocrx_word' id='word_1_189' title='bbox 741 3537 890 3620; x_wconf 79' lang='lat' dir='ltr'><strong>Euphemi</strong></span> <span class='ocrx_word' id='word_1_190' title='bbox 905 3541 977 3604; x_wconf 90' lang='lat' dir='ltr'><strong>satis</strong></span> <span class='ocrx_word' id='word_1_191' title='bbox 994 3543 1209 3608; x_wconf 90' lang='lat' dir='ltr'><strong>tenebricosae</strong></span> 
     </span>
     <span class='ocr_line' id='line_1_29' title="bbox 193 3633 1208 3729; baseline 0.002 -20"><span class='ocrx_word' id='word_1_192' title='bbox 193 3650 256 3709; x_wconf 80' lang='lat' dir='ltr'><strong>cunr</strong></span> <span class='ocrx_word' id='word_1_193' title='bbox 268 3663 379 3725; x_wconf 79' lang='lat' dir='ltr'><strong>caussa</strong></span> <span class='ocrx_word' id='word_1_194' title='bbox 401 3644 564 3726; x_wconf 85' lang='lat' dir='ltr'><strong>colligatae</strong></span> <span class='ocrx_word' id='word_1_195' title='bbox 582 3638 696 3706; x_wconf 90' lang='lat' dir='ltr'><strong>luerint</strong></span> <span class='ocrx_word' id='word_1_196' title='bbox 712 3658 804 3707; x_wconf 90' lang='lat' dir='ltr'><strong>nemo</strong></span> <span class='ocrx_word' id='word_1_197' title='bbox 817 3642 905 3707; x_wconf 84' lang='lat' dir='ltr'><strong>facile</strong></span> <span class='ocrx_word' id='word_1_198' title='bbox 928 3661 963 3708; x_wconf 87' lang='lat' dir='ltr'><strong>se</strong></span> <span class='ocrx_word' id='word_1_199' title='bbox 981 3633 1104 3727; x_wconf 87' lang='lat' dir='ltr'><strong>assequi</strong></span> <span class='ocrx_word' id='word_1_200' title='bbox 1114 3665 1208 3729; x_wconf 88' lang='lat' dir='ltr'><strong>posse</strong></span> 
     </span>
     <span class='ocr_line' id='line_1_30' title="bbox 193 3741 1171 3837; baseline -0.008 -23"><span class='ocrx_word' id='word_1_201' title='bbox 193 3757 310 3837; x_wconf 81' lang='lat' dir='ltr'><strong>speret,</strong></span> <span class='ocrx_word' id='word_1_202' title='bbox 331 3748 391 3813; x_wconf 91' lang='lat' dir='ltr'><strong>nisi</strong></span> <span class='ocrx_word' id='word_1_203' title='bbox 412 3749 462 3815; x_wconf 87' lang='lat' dir='ltr'><strong>coi</strong></span> <span class='ocrx_word' id='word_1_204' title='bbox 486 3741 622 3811; x_wconf 87' lang='lat' dir='ltr'><strong>divinare</strong></span> <span class='ocrx_word' id='word_1_205' title='bbox 645 3764 775 3830; x_wconf 80' lang='lat' dir='ltr'><strong>magnus</strong></span> <span class='ocrx_word' id='word_1_206' title='bbox 796 3745 1059 3830; x_wconf 77' lang='lat' dir='ltr'><strong>donavitdpollo.</strong></span> <span class='ocrx_word' id='word_1_207' title='bbox 1120 3802 1124 3806; x_wconf 83' lang='lat'><em>.</em></span> <span class='ocrx_word' id='word_1_208' title='bbox 1169 3769 1171 3772; x_wconf 45' lang='lat'><strong><em>⁴</em></strong></span> 
     </span>
     <span class='ocr_line' id='line_1_31' title="bbox 126 3842 1220 3938; baseline 0.005 -25"><span class='ocrx_word' id='word_1_209' title='bbox 126 3860 128 3923; x_wconf 73' lang='grc' dir='ltr'><strong>ῑ</strong></span> <span class='ocrx_word' id='word_1_210' title='bbox 244 3851 385 3934; x_wconf 83' lang='lat' dir='ltr'><strong>·1x,cot.</strong></span> <span class='ocrx_word' id='word_1_211' title='bbox 409 3850 439 3934; x_wconf 84' lang='lat'><strong>2,</strong></span> <span class='ocrx_word' id='word_1_212' title='bbox 464 3848 487 3913; x_wconf 63' lang='lat' dir='ltr'><strong>l&#39;</strong></span> <span class='ocrx_word' id='word_1_213' title='bbox 508 3851 562 3937; x_wconf 63' lang='lat' dir='ltr'><strong>‘ap</strong></span> <span class='ocrx_word' id='word_1_214' title='bbox 592 3842 813 3936; x_wconf 71' lang='lat' dir='ltr'><strong>nocqycpt&#39;q</strong></span> <span class='ocrx_word' id='word_1_215' title='bbox 837 3849 1028 3938; x_wconf 71' lang='grc' dir='ltr'><strong>χρῆσθαι]</strong></span> <span class='ocrx_word' id='word_1_216' title='bbox 1050 3849 1220 3937; x_wconf 72' lang='lat' dir='ltr'><strong>&#39;Sanppius&#39;</strong></span> 
     </span>
    </p>

    <p class='ocr_par' dir='ltr' id='par_1_5' title="bbox 159 3944 1209 4243">
     <span class='ocr_line' id='line_1_32' title="bbox 192 3944 1209 4039; baseline -0.007 -20"><span class='ocrx_word' id='word_1_217' title='bbox 192 3944 368 4039; x_wconf 71' lang='lat' dir='ltr'><strong>sementiam</strong></span> <span class='ocrx_word' id='word_1_218' title='bbox 390 3956 432 4019; x_wconf 86' lang='lat' dir='ltr'><strong>ita</strong></span> <span class='ocrx_word' id='word_1_219' title='bbox 450 3954 520 4018; x_wconf 88' lang='lat' dir='ltr'><strong>lere</strong></span> <span class='ocrx_word' id='word_1_220' title='bbox 542 3953 745 4035; x_wconf 81' lang='lat' dir='ltr'><strong>redintegrat:</strong></span> <span class='ocrx_word' id='word_1_221' title='bbox 778 3948 921 4037; x_wconf 23' lang='lat' dir='ltr'><strong>donap-</strong></span> <span class='ocrx_word' id='word_1_222' title='bbox 938 3949 1010 4020; x_wconf 69' lang='lat' dir='ltr'><strong>acl</strong></span> <span class='ocrx_word' id='word_1_223' title='bbox 1032 3967 1119 4028; x_wconf 73' lang='grc' dir='ltr'><strong><em>τοῖς</em></strong></span> <span class='ocrx_word' id='word_1_224' title='bbox 1141 3949 1209 4024; x_wconf 68' lang='grc' dir='ltr'><strong>ἄν.</strong></span> 
     </span>
     <span class='ocr_line' id='line_1_33' title="bbox 159 4046 1208 4144; baseline -0.003 -23"><span class='ocrx_word' id='word_1_225' title='bbox 159 4046 161 4050; x_wconf 57' lang='grc'><strong>’</strong></span> <span class='ocrx_word' id='word_1_226' title='bbox 192 4056 365 4133; x_wconf 70' lang='lat' dir='ltr'><strong>radiante</strong></span> <span class='ocrx_word' id='word_1_227' title='bbox 395 4059 647 4141; x_wconf 72' lang='grc' dir='ltr'><strong><em>ἐπετρέψατε</em></strong></span> <span class='ocrx_word' id='word_1_228' title='bbox 668 4049 715 4131; x_wconf 75' lang='grc' dir='ltr'><strong>ὥς</strong></span> <span class='ocrx_word' id='word_1_229' title='bbox 737 4051 964 4139; x_wconf 68' lang='grc' dir='ltr'><strong><em>ἐβούλοντο</em></strong></span> <span class='ocrx_word' id='word_1_230' title='bbox 985 4056 1033 4142; x_wconf 76' lang='grc' dir='ltr'><strong>τῇ</strong></span> <span class='ocrx_word' id='word_1_231' title='bbox 1060 4081 1132 4123; x_wconf 80' lang='grc' dir='ltr'><strong><em>κατ.</em></strong></span> <span class='ocrx_word' id='word_1_232' title='bbox 1156 4080 1208 4144; x_wconf 79' lang='grc' dir='ltr'><strong>χρ.</strong></span> 
     </span>
     <span class='ocr_line' id='line_1_34' title="bbox 192 4144 1209 4243; baseline 0.002 -22"><span class='ocrx_word' id='word_1_233' title='bbox 192 4144 358 4226; x_wconf 78' lang='lat' dir='ltr'><strong>conterunt</strong></span> <span class='ocrx_word' id='word_1_234' title='bbox 377 4159 616 4226; x_wconf 84' lang='lat' dir='ltr'><strong>Demosthenem</strong></span> <span class='ocrx_word' id='word_1_235' title='bbox 638 4160 715 4225; x_wconf 82' lang='lat' dir='ltr'><strong>orat.</strong></span> <span class='ocrx_word' id='word_1_236' title='bbox 738 4158 776 4223; x_wconf 88' lang='lat' dir='ltr'><strong>de</strong></span> <span class='ocrx_word' id='word_1_237' title='bbox 791 4176 855 4223; x_wconf 89' lang='lat' dir='ltr'><strong>cor.</strong></span> <span class='ocrx_word' id='word_1_238' title='bbox 868 4157 894 4223; x_wconf 42' lang='lat'><strong>2*</strong></span> <span class='ocrx_word' id='word_1_239' title='bbox 910 4160 1014 4226; x_wconf 72' lang='lat' dir='ltr'><strong>cccco</strong></span> <span class='ocrx_word' id='word_1_240' title='bbox 1026 4155 1209 4243; x_wconf 72' lang='lat' dir='ltr'><strong>(adipeioc</strong></span> 
     </span>
    </p>
   </div>
   <div class='ocr_carea' id='block_1_5' title="bbox 0 0 1411 4896">
    <p class='ocr_par' dir='ltr' id='par_1_6' title="bbox 0 0 1411 4896">
     <span class='ocr_line' id='line_1_35' title="bbox 0 0 1411 4896; baseline 0 0"><span class='ocrx_word' id='word_1_241' title='bbox 0 0 1411 4896; x_wconf 95' lang='lat' dir='ltr'><strong> </strong></span> 
     </span>
    </p>
   </div>
  </div>
 </body>
</html>
