2806 4896
478 406 758 476 subdela.
1080 405 1129 480 37

110 580 192 662 nippi
215 583 401 665 narrationi,
423 586 543 649 mittere
565 587 701 669 Delphos
717 589 818 670 potius
838 586 1131 668 Apollinem'scisci-

110 689 305 765 talum„nou
327 686 521 752 innocentem
544 689 698 753 bominem
722 690 753 752 iu
775 692 940 771 periculum
963 692 1129 760 adducere.

112 785 203 857 Quod
225 794 333 857 contra
355 789 460 854 tulisse
480 791 561 853 illum
583 810 625 855 ex
645 794 825 856 narratione
852 795 962 858 somnii
987 798 1130 878 rogatio-

111 905 182 951 nem
203 897 313 953 contra
334 891 421 955 binas
437 893 533 957 tribus
555 902 587 957 et
607 896 830 960 iniustissiuram
844 906 875 962 et
890 899 1024 980 quodam
1036 901 1129 965 modo

112 992 375 1060 contrariamrsibi
396 997 501 1077 ipsam.
544 986 620 1061 Nam
643 1000 684 1083 si,
708 1001 748 1064 ait
763 1009 878 1086 orator,
890 1019 989 1073 ,mons
1008 1003 1058 1067 ille
1073 1004 1132 1067 tri-

111 1094 204 1156 buum
223 1103 306 1180 erat,
329 1097 401 1162 odio
422 1099 534 1181 dignus
556 1108 605 1164 est
628 1103 680 1183 qui
703 1121 756 1166 eas
778 1121 836 1168 suo
858 1105 1131 1188 privat1siuquod

111 1198 161 1261 dei
183 1208 250 1264 erat
271 1211 515 1287 occupaverant,
536 1210 653 1269 tantum
683 1207 770 1271 abest
802 1215 835 1271 ut
864 1208 1001 1289 reliquae
1034 1209 1131 1272 tribus
1222 1274 1232 1287 ,

111 1304 149 1367 ad
173 1305 314 1368 damnum
336 1308 392 1372 illis
415 1310 631 1390 praestandum
654 1300 759 1376 essent
784 1296 967 1396 secandae,
1000 1321 1034 1376 ut
1062 1312 1131 1376 illae

109 1408 142 1470 in
164 1408 252 1472 lucro
280 1409 427 1492 deputare
458 1413 621 1498 deberent,
649 1417 678 1481 si
700 1435 761 1481 nou
783 1417 857 1498 ipsis
885 1417 1011 1498 insuper
1039 1416 1129 1482 multa

110 1513 316 1594 irrogaretur.

175 1615 229 1680 His
251 1621 329 1700 tum,
344 1618 455 1700 pergit,
477 1619 605 1700 permoti
627 1627 698 1683 suut
719 1619 896 1684 iudices-ud
919 1620 1131 1686 condemnan-

110 1718 181 1781 dum
203 1718 413 1799 Pulyeuctum:
434 1721 517 1784 unde
540 1721 618 1784 baec
639 1729 687 1786 est
710 1730 817 1786 secuta
833 1723 1003 1805 Euxenippi
1019 1724 1131 1788 acerba

111 1822 294 1904 criminatio,
309 1822 353 1884 in
375 1841 465 1904 quem
485 1824 691 1909 Polyeuclus,
725 1833 889 1908 postquam
919 1823 1130 1910 παρανόμων

103 1924 268 1988 damnatus
291 1933 352 2008 est,
380 1927 406 1989 si
430 1919 616 2008 Hyperidem
643 1929 799 2012 audimus,
834 1947 924 1993 omne
952 1930 1037 1993 virus
1059 1947 1129 1992 ma·

109 2028 253 2108 lignitatis
285 2027 398 2091 elludit.
427 2029 576 2092 'Etenim
612 2049 675 2112 Ιιιιιο
713 2032 826 2095 certius
859 2032 1069 2114 Euxenippum
1097 2033 1129 2096 iu

111 2132 214 2196 odium
243 2131 412 2195 adduceret
443 2131 592 2215 iudicum,
627 2132 833 2198 diversissima
862 2135 912 2198 ille
947 2137 1072 2197 crimina
1098 2143 1131 2199 et

110 2234 316 2316 undecunque
338 2235 518 2299 corrasaiu
541 2253 631 2300 reum
652 2237 878 2319 cumulaverat,
905 2244 957 2319 ut,
987 2237 1014 2300 si
1035 2253 1131 2321 caus-

110 2357 177 2428 sam
199 2357 262 2404 nou
287 2340 440 2403 obtineret
461 2341 744 2423 Euxenippus'„ne
766 2343 921 2423 sepultura
954 2340 1076 2422 quidem
1099 2343 1131 2404 in

107 2441 211 2506 Attica
233 2451 316 2507 terra
339 2443 470 2507 daretur.
515 2443 646 2507 Maxime
667 2452 768 2508 autem
793 2463 832 2508 eo
862 2444 1004 2508 invidiam
1032 2444 1130 2508 lacio-

109 2547 162 2609 bat
182 2545 379 2630 Euxenippo,
409 2546 490 2639 quod
517 2547 719 2612 Macedonum
749 2548 857 2610 favere
884 2548 1022 2629 partibus
1048 2547 1129 2613 iusi-

109 2650 250 2714 malebat.
294 2649 328 2711 ln
350 2666 415 2731 quo
435 2640 484 2713 ille
507 2651 689 2715 abutebatur
709 2650 811 2714 iudice
832 2650 986 2734 Hyperide
1018 2649 1127 2732 Olym-

108 2754 205 2837 piadis
226 2755 355 2837 reginae
375 2756 513 2839 nomine,
545 2756 595 2818 cui
626 2755 814 2835 arguebatur
847 2755 998 2825 blanditus
1018 2756 1127 2819 Euxe-

108 2860 216 2942 nippus
238 2877 323 2944 esse,
345 2877 413 2922 cum
436 2875 547 2945 suasor
567 2858 664 2921 extitit
688 2858 817 2941 civibus,
845 2866 879 2921 ut
900 2852 1029 2940 reginae
1049 2858 1128 2920 lice-

109 2969 158 3024 ret
175 2959 289 3024 offerre
310 2968 455 3041 pateram>
470 2960 595 3022 statuae
605 2959 745 3041 Hygieae
766 2960 798 3021 in
820 2959 934 3023 sacello
951 2956 1054 3022 Attico
1068 2959 1127 3021 de·

108 3065 259 3128 stiuatam.
313 3062 491 3128 Cuiusmodi
511 3059 736 3128 criminationes
759 3063 796 3126 ab
821 3063 879 3126 liac
900 3079 1010 3127 caussa
1031 3080 1127 3145 pror-

110 3184 164 3232 sus
186 3168 301 3230 alienas
317 3153 394 3230 ‘dum
424 3166 594 3250 Hyperides
617 3187 635 3231 a
656 3186 713 3232 reo
736 3175 893 3252 removet,
915 3168 1127 3249 Euxenippum

109 3288 199 3334 suum
221 3272 319 3334 virum
340 3271 474 3353 probum
495 3279 526 3335 el
544 3272 660 3352 patriae
682 3275 833 3336 amantem
854 3288 925 3336 esse
947 3272 1054 3355 docet,
1076 3273 1127 3337 cui

108 3392 265 3457 nunquam
287 3376 380 3438 ullum
400 3394 469 3438 cum
491 3376 710 3440 Macedonibus
732 3377 942 3440 intercesserit
968 3387 1126 3439 commer-

108 3479 199 3543 cium.
244 3477 373 3558 Omnino
396 3477 607 3543 abstinendum
637 3479 808 3544 accusatori
839 3478 951 3561 luisse,
975 3475 1125 3558 simodo,

106 3579 139 3644 id
162 3580 246 3661 quod
272 3580 416 3662 prolecto
444 3600 501 3663 per
529 3583 671 3646 virtutem
697 3584 808 3667 possit,
840 3582 878 3645 ad
908 3580 1124 3659 rempublicam

107 3683 242 3750 studium
264 3702 354 3749 suum
369 3686 519 3750 conferre
542 3686 642 3770 vellet,
665 3669 860 3751 a'vexations
883 3685 1038 3749 bominum
1055 3683 1127 3765 pri-·

107 3781 251 3851 valorum
272 3796 305 3853 et
325 3796 466 3854 oratores
488 3790 752 3871 imperatoresque
781 3790 811 3850 in
843 3795 998 3850 certamen
1021 3787 1124 3852 devo·

106 3891 225 3958 candos
245 3891 349 3956 luisse.
393 3892 426 3954 ld
448 3894 664 3975 semetipsum
687 3909 810 3973 semper
831 3898 968 3979 secutum
991 3911 1071 3978 esse,
1090 3902 1124 3958 ut

106 4011 244 4060 summos
263 3995 303 4057 in
333 3994 455 4057 civitate
484 3996 568 4060 viros
599 3994 841 4079 aggrederetur,
873 3993 1122 4078 Aristophontem

105 4099 330 4184 Aceubnsem,
357 4100 519 4182 biopitben
549 4100 732 4182 Spurilium,
763 4099 962 4165 Philocratem
992 4102 1121 4184 llaguu·
