2806 4896
190 429 248 476 xlv
481 410 853 478 PRAEFATIO.

188 612 333 676 numque
359 595 506 676 parilitas
539 612 613 660 eam
648 597 712 660 vim
739 596 870 673 babuit,
906 595 1044 676 opinor,
1077 600 1114 660 ut
1150 577 1229 678 qui'

187 716 388 798 Hyperidem
410 717 578 781 orationes
595 716 827 797 disposuerunt
842 715 1047 796 grammatici
1062 749 1113 763 -
1130 714 1214 782 Cal·

188 836 348 903 limacbus
374 841 454 918 puta
489 835 856 916 Aristophanesqueet
875 835 931 916 qui
956 835 991 897 in
1016 835 1115 898 simili
1137 841 1214 900 stu·

186 955 243 1020 dio
260 956 515 1021 elaboraverunt
538 953 732 1034 Pergameni
759 943 1027 1029 necauoypdpm:
1050 970 1128 1016 nam
1147 952 1212 1017 Di.

187 1074 321 1156 dymum
348 1073 608 1140 Alexandrinum
631 1076 664 1136 et
683 1073 812 1136 Aelium
835 1071 1128 1155 Harpocrationem
1146 1091 1213 1137 co-

188 1193 250 1259 dex
278 1198 385 1259 aetate
412 1192 541 1256 videtur
566 1192 666 1271 longe
690 1206 848 1272 superare
874 1226 924 1237 -
947 1191 994 1255 illi
1020 1191 1119 1270 igitur
1142 1192 1210 1256 ba·

185 1330 259 1379 rum
293 1313 419 1377 nollent
451 1309 624 1374 discidium
661 1310 733 1375 deri
761 1310 973 1391 prioremque
1009 1311 1121 1374 locum
1147 1327 1207 1374 as·

185 1433 352 1511 signarent
377 1431 426 1508 ei,
452 1445 552 1512 quam
576 1433 652 1492 ante
678 1426 927 1511 Euxenippeam
959 1428 1103 1493 habitam
1131 1445 1208 1494 csse

185 1551 281 1617 certis
307 1554 437 1632 poterat
457 1548 585 1613 indiciis
610 1546 776 1627 cognosci.

262 1755 344 1823 (lum
370 1763 480 1824 autem
507 1759 618 1841 plures
651 1771 790 1821 caussae
822 1755 906 1832 sint,
942 1772 1001 1818 cur
1037 1754 1133 1818 nobis
1163 1730 1205 1817 dc

185 1879 386 1959 recuperatis
411 1878 462 1940 bis
485 1876 691 1941 orationibus
711 1875 924 1956 gratrrlcmur‚
940 1879 1009 1937 tum
1024 1873 1104 1937 illud
1121 1872 1202 1937 mibi

185 1996 413 2076 gravissimum
432 1996 533 2059 videri
556 1997 658 2073 solet,
684 1995 773 2076 quod
795 1993 966 2075 Hyperidis
981 1994 1202 2057 oratoriarum

184 2115 340 2178 virtutum
363 2131 383 2178 a
410 2115 574 2179 veteribus
601 2114 839 2180 celebratarum
866 2111 1000 2176 tandem
1024 2111 1202 2192 aliquando

184 2235 358 2300 certiorem
380 2235 545 2317 quandam
577 2236 723 2317 speciem
755 2233 868 2297 animo
904 2231 1084 2297 informare
1114 2233 1202 2310 licet,

184 2356 340 2438 quoniam
367 2356 400 2419 in
423 2373 490 2419 una
510 2356 598 2418 certe
616 2355 879 2463 oratione‚·quae
898 2352 1024 2432 integra
1043 2355 1102 2431 est,
1119 2369 1202 2417 ocu-

183 2472 222 2535 lis
249 2472 424 2535 cernimus.
482 2471 566 2537 Nam
591 2471 751 2536 orationis
776 2470 971 2551 Harpalicae
998 2461 1143 2541 λείψανα
1166 2476 1203 2535 ut

183 2590 366 2655 excitarunt
388 2590 493 2670 magis
517 2608 616 2670 quam
642 2590 806 2654 lenierunt
825 2590 1041 2668 desiderium,
1067 2590 1111 2654 ita
1134 2608 1202 2654 non

183 2710 261 2773 satis
285 2709 328 2775 ad
354 2709 588 2792 proprietatem
609 2708 751 2775 oratoris
777 2709 1021 2791 percipiendam
1039 2708 1201 2774 valebant.

183 2832 254 2898 Hoc
276 2834 374 2915 igitur
396 2850 543 2915 agamus.

254 3011 345 3088 Quas
379 3017 506 3076 veteres
543 3013 657 3076 arbitri
692 3011 866 3092 primariae
900 3013 1088 3094 praedicant
1105 3031 1202 3096 pro-

183 3128 336 3207 prietates
362 3130 522 3192 orationis
547 3126 769 3209 Hyperideac,
802 3147 916 3194 earum
948 3132 1112 3196 luculenta
1138 3132 1201 3196 do-

182 3252 334 3311 cumenta
359 3246 514 3311 exhibent
539 3248 593 3310 vel
619 3247 682 3312 bae
708 3251 945 3329 oratiunculae,
966 3269 1033 3315 non
1050 3251 1202 3334 prolecto

183 3365 257 3428 illae
285 3383 326 3429 ex
350 3367 441 3429 omni
466 3366 563 3448 copia
586 3368 728 3434 selectae
754 3388 829 3434 cum
855 3370 965 3434 subtili
991 3370 1124 3448 iudicio,
1141 3372 1200 3436 sed

182 3483 290 3565 prouti
317 3483 385 3549 fors
409 3486 481 3550 tulit
506 3490 666 3552 servatae.
718 3490 823 3553 Immo
851 3504 942 3567 vero,
966 3495 1002 3553 ut
1027 3507 1094 3553 non
1116 3507 1200 3571 pau·

181 3620 241 3667 cac
267 3621 309 3669 ex
335 3605 375 3670 iis
402 3622 488 3686 quae
515 3608 761 3673 interciderunt·
775 3609 980 3674 orationibus
1006 3610 1104 3689 longe
1127 3628 1199 3674 am-

181 3722 303 3801 pliores
334 3723 456 3788 luerint
485 3728 517 3790 et
549 3726 808 3805 artificiosiores,
842 3726 983 3791 tortasse
1012 3744 1080 3793 non
1112 3728 1199 3792 male

181 3847 288 3903 actum
314 3847 364 3905 est
389 3822 463 3907 cum
490 3842 664 3926 Hyperide,
700 3844 789 3925 quod
822 3862 863 3908 ex
897 3845 962 3910 boc
991 3845 1198 3927 potissimum

182 3975 290 4037 ungue
315 3962 464 4025 tenemus
490 3962 630 4028 leonem.
688 3962 758 4027 liae
784 3963 876 4044 ipsae
906 3964 995 4029 enim
1028 3964 1197 4028 orationes

182 4081 216 4141 ut
242 4080 318 4141 sunt
352 4076 393 4143 de
428 4081 568 4147 tenuiori
603 4096 743 4164 genere,
776 4081 821 4146 ita
855 4081 897 4147 ad
930 4081 1196 4162 cognoscendam
