2806 4896
194 451 227 496 v1
508 430 891 498 PRAEFATIO.

192 621 312 686 tiarum
327 616 493 682 actionem
511 617 737 699 significabam
752 618 1015 700 acceptissimum
1030 617 1111 683 mibi
1130 619 1221 702 iore,

192 740 221 804 si
244 755 327 821 opus
353 754 467 818 suum,
497 738 590 804 ouius
613 739 772 819 singulari
807 738 961 820 cupidine
989 741 1218 820 cognoscendi

192 858 368 937 ardebam,
411 863 501 925 recta
538 858 592 924 via
629 861 661 921 et
698 875 758 940 per
795 858 1005 923 tabellarium
1043 860 1218 941 publicum

191 979 409 1045 transmittere
435 978 534 1044 vellet
560 978 775 1059 quantocius:
807 978 991 1059 addebam,
1024 980 1088 1045 boc
1120 979 1217 1071 iacto

190 1114 289 1181 posse
311 1115 366 1162 me
392 1096 434 1162 de
459 1099 584 1162 recenti
610 1098 669 1163 illo
693 1115 888 1180 graecarum
904 1100 1085 1165 litterarum
1100 1099 1218 1166 incre-

190 1222 303 1283 mento
330 1218 365 1281 in
391 1217 503 1282 diariis
526 1218 692 1283 litterariis
713 1220 835 1284 nostris
862 1219 987 1285 reterre
1013 1236 1074 1302 per
1105 1219 1216 1285 otium

189 1337 348 1402 feriarum
373 1354 458 1418 quae
491 1337 666 1404 instabant.
726 1339 764 1404 ld
793 1340 946 1404 lubenter
978 1356 1032 1403 me
1062 1340 1216 1423 recipere

189 1456 364 1523 iacturum.

263 1599 332 1668 Nec
356 1599 469 1664 irritae
494 1614 609 1681 preces
633 1598 776 1665 fuerunt.
827 1599 912 1667 llam
938 1616 1011 1664 cum
1030 1599 1092 1663 sub
1107 1599 1213 1664 tinem

188 1720 310 1786 mensis
336 1719 447 1786 Martii
470 1719 512 1783 ab
534 1720 660 1796 amicis,
685 1737 769 1800 quos
796 1720 983 1797 inviserem,
1008 1718 1214 1801 Brunopoli-

188 1842 274 1906 tanis
294 1841 329 1903 in
350 1840 437 1904 hanc
462 1837 580 1901 urbem
605 1838 784 1918 redissem,
819 1839 1020 1904 offerebatur
1052 1855 1131 1921 pars
1157 1841 1212 1904 ta-

189 1975 267 2022 men
291 1956 368 2020 libri
391 1954 668 2035 desideratissimi,
692 1958 752 2022 sed
776 1975 817 2024 ea
835 1959 946 2040 potior
971 1959 1004 2021 et
1029 1973 1095 2037 qua
1120 1957 1210 2021 sitim

188 2093 297 2141 meam
322 2074 364 2140 ad
389 2079 519 2156 tempus
544 2075 802 2157 restinguerem:
828 2076 961 2142 tabulae
979 2074 1211 2157 lithograpbae

188 2194 307 2276 insigni
331 2197 402 2259 arte
428 2192 536 2258 iactae
562 2211 669 2277 nuper
693 2196 874 2262 admodum
906 2195 941 2258 in
965 2211 1083 2260 manus
1115 2211 1210 2260 meas

189 2319 368 2395 venerunt,
402 2332 478 2379 cum
503 2315 670 2397 specimen
693 2315 967 2398 typographicum
998 2314 1070 2380 folii
1100 2318 1210 2396 quarti

187 2435 424 2511 emundabam,
449 2435 673 2499 munificentia
698 2437 763 2500 los.
779 2436 925 2516 Ardenii,
944 2437 1005 2502 viri
1022 2437 1208 2504 clarissimi.

186 2553 258 2634 Ego
286 2569 365 2617 vero
392 2552 489 2618 avide
521 2553 687 2634 resignato
721 2556 890 2621 volumine
915 2556 1073 2637 opinione
1099 2558 1208 2621 maio·

188 2688 258 2737 rem
284 2672 395 2737 animo
421 2673 564 2754 percepi»
582 2674 803 2756 voluptatem:
827 2677 971 2759 primum
996 2677 1115 2759 raptim
1130 2678 1206 2758 legi,

186 2793 240 2856 vel
265 2781 375 2857 dicam
401 2791 579 2874 devoravi,
611 2793 781 2876 insigniter
805 2801 920 2879 captus
944 2796 995 2861 bis
1021 2799 1206 2863 recentibus

187 2917 329 2994 deliciis;
355 2917 524 2984 crescebat
544 2919 711 3000 gaudium,
737 2938 804 2986 non
822 2921 1042 3000 minuebatur,
1059 2924 1207 3004 quoties-

185 3054 315 3119 cunque
355 3038 587 3115 revolvebam,
622 3040 876 3122 gralulabarque
905 3044 938 3106 et
959 3041 1123 3121 ardente,
1147 3046 1206 3124 qui

186 3155 377 3216 thesaurum
401 3153 443 3217 ab
467 3153 600 3218 interitu
617 3157 754 3222 retraxit
776 3159 968 3242 liberalique
982 3161 1094 3226 animo
1111 3179 1206 3228 com-

186 3271 277 3336 muni
299 3271 440 3335 utilitati
454 3289 523 3337 non
548 3272 682 3355 invidit,
706 3282 738 3342 et
760 3275 820 3344 Cb.
834 3277 1041 3361 Babingtoui,
1056 3281 1110 3347 cui
1123 3300 1205 3348 con-

186 3393 256 3474 tigit
281 3393 367 3456 illius
393 3381 525 3470 saleque
553 3395 619 3461 suis
645 3399 734 3464 curis
766 3404 964 3465 exornatum
980 3401 1126 3467 'indias
1152 3404 1205 3469 lu·

184 3512 281 3577 minis
307 3529 405 3579 auras
432 3512 610 3581 vindicare.
661 3517 857 3584 Deleniebat
880 3523 990 3584 autern
1012 3520 1153 3604 simplex
1171 3531 1205 3588 et

184 3634 295 3698 nativa
318 3633 481 3714 elegantia
504 3636 678 3716 sermonis,
701 3637 735 3701 in
762 3638 1024 3720 argumentando
1049 3640 1205 3708 refellen-

184 3755 294 3835 doque
319 3755 372 3818 vel
398 3773 539 3821 acumen
565 3757 618 3822 vel
643 3759 780 3837 astutia,
805 3760 1001 3842 perspicuae
1036 3763 1069 3826 et
1101 3763 1205 3829 dulcis

184 3868 308 3937 lumina
331 3874 529 3940 narrationis
554 3879 587 3940 et
608 3876 678 3941 eius
696 3876 866 3944 distinctae
882 3896 995 3945 rerum
1017 3883 1115 3947 antea
1135 3900 1203 3948 non

184 3997 389 4078 cognitarum
416 3999 650 4067 iucundissima
668 4001 827 4069 ubertate
877 4003 1048 4070 Laetitiam
1061 4007 1205 4087 augebat

183 4124 314 4204 praeter
340 4123 518 4189 novitatem
544 4126 619 4190 libri
645 4144 780 4208 prorsus
805 4127 980 4208 singularis
1001 4129 1204 4212 optimorum
