2806 4896
192 430 242 504 34
551 431 831 499 SCHOLIA.

191 634 253 680 non
274 614 372 696 potuit
390 612 491 695 ferre,
520 611 574 675 sed
598 612 694 675 iratus
717 611 944 691 Euxenippum,
976 606 1015 669 de
1044 606 1132 669 cuius
1162 607 1213 670 ille

190 721 250 784 lide
273 727 361 782 antea
385 716 456 778 nihil
479 713 693 796 dubitavisset,
718 712 912 776 denunciavit
945 709 1020 772 lalsa
1054 709 1212 804 rettulisse

190 825 229 887 de
251 824 381 904 somnio,
404 820 496 884 certis
518 819 696 900 quibusdam
718 817 891 879 hominibus
914 815 944 876 in
958 816 1035 878 urbe
1052 812 1211 896 gratifica-

190 935 262 992 tum.
308 923 400 990 Simul
424 923 628 987 diversissima
650 921 699 983 ille
719 921 843 983 crimina
860 920 890 980 in
905 919 1115 998 Euxenippnm
1131 935 1211 980 con-

89 1074 92 1079 ·
189 1029 320 1115 gerebat
342 1036 372 1092 et
394 1027 629 1108 subscriptorem
651 1025 708 1090 sibi
732 1026 838 1088 ascivit
859 1024 1031 1105 Lycurgum
1052 1021 1210 1084 Butadam.

189 1134 230 1199 At
250 1134 439 1214 Euxenippo.
464 1133 606 1195 subvenit
634 1130 823 1212 Hyperides,
859 1129 914 1192 sed
945 1130 972 1193 is
1004 1128 1210 1192 secundarum

188 1238 318 1318 partium
330 1242 431 1298 actor:
450 1252 520 1296 nam
537 1241 607 1296 ante
623 1231 807 1314 Hyperidem
828 1231 904 1296 alius
916 1233 1022 1295 nescio
1037 1232 1106 1312 quis
1123 1223 1216 1294 reum'

190 1337 380 1402 defenderat.
423 1337 478 1400 Est
498 1337 592 1418 igitur
612 1334 691 1398 baec
714 1335 813 1398 oratio
838 1353 1017 1417 exgenere
1044 1333 1111 1398 κώκ
1133 1331 1209 1399 deo-

189 1441 397 1525 κερολογιύκ.
441 1439 528 1502 Unde
551 1445 692 1520 apparet,
727 1455 783 1500 cur
815 1438 963 1519 quaedam
995 1437 1106 1501 leviter
1135 1446 1210 1500 tan-
1247 1470 1250 1474 *
1290 1481 1294 1485 -

192 1550 321 1625 gantur,
343 1542 399 1606 illis
421 1543 538 1606 scilicet
566 1533 639 1609 satis
674 1546 794 1621 aperta
811 1541 863 1622 qui
895 1542 1048 1621 superiori
1076 1541 1213 1618 orationi

190 1643 410 1709 interfuissent.
454 1643 539 1706 Cadit
561 1643 622 1706 hoe
643 1643 674 1727 in
697 1661 764 1706 eam
786 1643 975 1726 potissimum
997 1649 1115 1724 partem
1129 1659 1208 1706 ora-

190 1747 281 1810 tionis
293 1795 301 1829 ,
326 1764 385 1828 qua
409 1747 543 1809 occurrit
565 1745 735 1827 Hyperides
759 1745 1152 1827 calunmiationiPolyeucti
1169 1743 1209 1808 de

189 1849 298 1912 divitiis
319 1848 488 1927 Euxenippi
510 1865 566 1933 per
587 1847 726 1910 fraudem
748 1850 858 1928 partis:
894 1867 974 1930 quae
1001 1866 1073 1928 pars
1104 1847 1207 1910 ultima

188 1959 244 2041 est.
290 1951 457 2032 Perstringi
484 1950 604 2014 fodinas
627 1951 765 2034 argenti,
797 1968 925 2032 quarum
954 1952 986 2012 in
1007 1951 1209 2032 possessione

188 2054 244 2117 luit
267 2071 358 2137 reus,
381 2054 451 2117 licet
475 2062 582 2118 orator
610 2072 674 2118 uon
705 2055 845 2120 distincte
877 2055 974 2140 dicat,
1009 2056 1107 2119 omnis
1140 2055 1210 2120 finis

189 2160 337 2222 orationis
360 2176 422 2221 non
444 2159 521 2223 sinit.
535 2159 685 2221 dubitare.
974 2216 977 2221 .

252 2261 298 2325 De
320 2270 460 2342 tempore
483 2271 570 2326 actae
593 2280 723 2327 caussae
745 2261 818 2327 satis
835 2262 999 2345 constabit
1024 2258 1209 2344 legentibus,

189 2365 334 2429 universe
358 2366 494 2465 quidem:
522 2368 574 2449 qui
597 2350 766 2446 operosius>
780 2366 981 2447 investigare*
998 2365 1123 2448 volent,
1156 2365 1210 2428 vel

187 2485 298 2529 annum
321 2468 419 2549 ipsum
441 2467 568 2532 delinire
590 2475 745 2550 poterunt.
789 2469 836 2532 De
854 2470 1033 2551 Euxenippo
1056 2476 1089 2532 et
1109 2468 1207 2551 Poly-

187 2578 277 2634 eucto
300 2570 451 2653 quaedam
471 2572 691 2652 praemittenda
712 2573 864 2636 videntur.
917 2573 954 2636 Et
981 2573 1020 2636 de
1047 2573 1098 2635 illo
1131 2574 1207 2653 qui-

186 2675 257 2737 dem
279 2674 400 2759 aliunde
423 2676 509 2758 nihil,
544 2676 627 2759 quod
649 2677 759 2761 sciam,
793 2678 981 2758 accepimus:
1013 2695 1083 2747 nam
1112 2694 1208 2758 quem

187 2776 305 2858 Olymp.
333 2774 405 2859 lla,
427 2776 448 2839 4
479 2778 636 2861 Diodorus
665 2780 724 2844 Sic.
748 2778 799 2861 20,
822 2777 861 2842 81
893 2771 1109 2862 etDionysius
1136 2779 1207 2843 Hal.

184 2881 216 2943 in
238 2879 390 2944 Dinarcho
412 2879 432 2943 9
463 2901 492 2964 p.
524 2883 587 2946 650
600 2882 685 2964 3Rslr.
717 2890 893 2963 praetorem
923 2882 1041 2961 luisse
1056 2889 1208 2947 testantur

188 2982 238 3048 vel
267 2984 480 3064 Euxenippum
516 2984 567 3047 vel
602 2983 773 3065 Xenippum
807 2985 926 3047 tametsi
955 2984 1022 3046 lieri
1049 3001 1143 3064 posse
1172 2992 1207 3048 ut

184 3087 266 3151 idam
287 3088 326 3149 sit
348 3105 411 3151 non
433 3106 602 3171 negamus,
625 3089 692 3150 veri
715 3088 811 3151 simile
836 3105 920 3172 esse,
944 3088 1040 3152 fuisse
1062 3087 1207 3169 eundem,

67 3199 70 3204 ’
185 3207 276 3252 nemo
300 3189 473 3254 contendet
517 3190 714 3272 Polyeuctum
736 3192 837 3272 paullo
859 3193 974 3256 rectius
995 3191 1145 3267 nouimus.

249 3292 368 3356 Etenim
390 3291 550 3358 constabat
571 3301 643 3357 anta
666 3293 744 3357 lranc
763 3303 917 3377 repertam
935 3295 1115 3376 orationem,
1138 3300 1204 3358 tres

184 3397 328 3461 habuisse
345 3397 501 3461 orationes
511 3397 705 3481 Hyperidem,
721 3416 801 3480 quae
815 3397 852 3460 ad
865 3399 1063 3480 Polyeuctum
1078 3404 1205 3479 specta-

62 3512 65 3517 ·
183 3507 269 3563 rent:
293 3494 379 3566 uacci
409 3496 638 3581 Πολυεύκτου,
666 3501 742 3584 περὶ
768 3501 832 3568 κου’
855 3497 1075 3569 Πολύευκκου
1101 3525 1205 3584 orpo-

182 3616 311 3687 κηγεῖυ,
333 3595 420 3686 πρὸς
441 3600 679 3682 Πολύευκτον,
704 3602 744 3665 da
767 3603 878 3685 quibus
900 3612 987 3667 recte
1009 3590 1205 3686 distinguen-

184 3705 230 3770 dis
253 3705 326 3768 dixit
347 3703 522 3768 Boeclrhius
553 3705 593 3768 de
622 3723 658 3769 rc
692 3707 793 3770 navali
820 3705 933 3772 Athen.
963 3727 993 3790 p.
1021 3705 1085 3772 249
1110 3717 1142 3773 et
1165 3709 1201 3771 ll.

184 3807 333 3887 Sauppius
352 3826 438 3870 meus
461 3817 550 3871 oratt.
572 3809 711 3891 fragmm.
733 3829 762 3891 p.
787 3809 877 3894 29811,
901 3813 953 3895 qui
976 3813 1109 3897 ultimam
1131 3814 1202 3877 illa-

183 3927 252 3972 rum
274 3917 343 3988 post
366 3909 482 3991 Olymp.
507 3910 578 3995 110,
604 3911 619 3975 1
644 3911 774 3975 habitam
804 3931 876 3978 esse
908 3913 1086 3978 effecerunt.
1126 3914 1209 3978 lllud.

185 4029 262 4075 vero
286 4010 453 4074 dubitatum
477 4021 551 4096 est‚-
568 4017 635 4097 quis
662 4016 843 4098 Polyeuctus
871 4036 911 4080 ex
932 4019 1033 4082 multis
1065 4019 1203 4099 quitum

184 4120 271 4177 erant
293 4117 495 4194 cognomines
520 4117 648 4182 Athenis
670 4119 795 4201 intelligi
817 4117 955 4184 deberet.
1000 4120 1038 4184 Et
1053 4120 1203 4201 Sauppius
