2806 4896
182 417 234 490 40
576 423 862 490 senonia,

182 618 211 682 p.
231 597 293 663 198
317 594 573 682 Καλλιστράτου
596 597 752 666 θάνατον
773 599 795 685 ἦ
816 596 914 671 πόλις
936 596 1099 680 κατέγνω,
1117 602 1202 680 qnod

182 703 295 766 laetum
324 708 374 766 est
403 699 448 763 01.
477 698 552 782 104,
578 699 609 785 3,
635 721 665 768 r.
693 703 830 768 Boeolb.
862 717 973 765 oeoou.
1007 701 1065 764 eir.
1093 701 1203 785 Atti,

184 825 214 888 p.
234 802 316 867 321:
340 804 396 869 sed
418 805 550 868 delutum
570 805 667 871 fuisse
688 806 878 893 εἰσαγγελίᾳ
899 803 1102 868 Callistratum
1130 815 1204 870 lun·

184 926 275 990 quam
290 901 341 993 pa}
354 903 398 973 ιᾶ
419 906 540 992 ἄριστα
564 909 706 994 λέγοντα
727 911 774 996 spi
793 908 889 990 δήμῳ
903 927 944 971 ox
964 907 1120 990 Hyperide
1142 913 1203 974 ad-

183 1011 336 1076 discimus.
381 1010 566 1074 Sabaeierns
588 1019 691 1074 autem
711 1010 795 1094 quod
818 1009 1035 1074 Callistrateam
1062 1029 1204 1076 caussam

184 1132 255 1179 oum
275 1114 471 1177 accusatione
503 1113 686 1178 Leosthenis
724 1115 824 1195 eliqua
855 1113 977 1176 ratione
1006 1116 1202 1180 coniunctam

183 1217 279 1281 iubso
303 1217 495 1301 suspicatur,
517 1216 601 1280 uret
622 1217 820 1280 coniecturae
842 1215 1020 1299 Hyperides,
1043 1220 1101 1282 nisi
1121 1219 1203 1300 qnod

184 1317 376 1384 leosthenes
398 1318 438 1382 ob
462 1336 529 1382 rem
538 1319 620 1382 male
631 1327 763 1402 gestam,
782 1317 968 1382 Callistratus
985 1319 1070 1399 qnod
1085 1321 1203 1385 orando

185 1421 400 1486 detrimentum
422 1421 572 1486 attulisset
593 1422 708 1503 patriae
730 1422 761 1483 in
782 1420 924 1484 indicium
944 1428 1074 1485 vocatus
1096 1430 1172 1486 est·

251 1556 282 1641 3,
303 1555 325 1620 8
350 1558 459 1624 Φίλων
476 1549 500 1631 ὁ,
516 1562 549 1633 ἐξ
569 1555 731 1641 Ἀναίων]
753 1556 824 1620 mibi
846 1557 960 1639 pariter
981 1563 1073 1638 atquo
1095 1556 1205 1619 editori

186 1661 430 1743 cantabrigiensi
466 1661 592 1742 ignotus
627 1658 720 1723 bomo
757 1667 812 1724 est.
869 1657 966 1733 Quem
998 1665 1100 1720 tamen
1133 1677 1204 1720 enm

184 1766 292 1830 Anaea
314 1766 379 1849 illa,
400 1782 479 1846 qnae
500 1764 575 1828 urbs
597 1764 689 1828 Samo
711 1763 829 1828 insulae
852 1763 991 1845 opposita
1013 1762 1076 1846 init,
1093 1763 1203 1825 oriun-

186 1871 257 1934 dum
280 1871 462 1953 arbitratur,
493 1867 612 1931 ridetur
637 1885 755 1931 errare.
809 1867 886 1931 Nam
915 1869 1032 1932 etiamsi
1064 1886 1101 1931 ea
1128 1868 1203 1932 urbs

185 1971 337 2036 interdum
359 1967 400 2035 ed
416 1954 548 2035 Ἀναιοι
571 1969 695 2052 dieitur,
715 1969 746 2035 b.
769 1971 788 2035 l.
811 1988 908 2052 pagus
931 1971 1048 2034 Atticus
1068 1971 1205 2052 requiri-

187 2082 246 2138 tnr.
291 2073 367 2137 llum
389 2071 460 2134 mibi
482 2069 610 2134 videbar
630 2072 806 2153 repperisse
827 2072 858 2133 in
879 2072 965 2135 titulo
979 2071 1081 2136 Attico
1095 2089 1113 2134 a
1128 2071 1203 2136 Lnd.

187 2178 299 2242 Rossio
322 2176 463 2259 prodito,
486 2192 576 2257 quem
598 2174 730 2259 lleierus
751 2176 782 2238 in
802 2174 877 2237 llall.
891 2174 974 2247 tiz.
991 2171 1083 2258 1838,
1105 2194 1204 2240 mens.

186 2280 264 2345 Nor.
287 2297 335 2342 ur.
360 2276 421 2341 196
443 2296 471 2362 p.
496 2275 559 2341 353
583 2276 685 2340 edidit.
727 2277 876 2340 lbiinter
902 2277 1026 2342 tribules
1046 2277 1205 2340 Acaman-

189 2384 258 2448 tidis
280 2383 331 2445 lin.
354 2381 373 2444 5
397 2387 657 2446 commemoratur
679 2374 876 2461 Σώστρατος
900 2385 932 2458 ἐξ
953 2373 1040 2450 ’Aba
1051 2429 1130 2465 .....
1152 2384 1205 2447 nbi

188 2485 365 2567 suppletam
387 2475 571 2563 Ἀναίαν,
594 2483 650 2546 sed
676 2500 758 2545 nuno
784 2484 850 2564 ipse
870 2483 998 2549 Rossins
1026 2492 1155 2550 testatur
1173 2488 1206 2549 in

187 2589 266 2654 libro
297 2587 337 2651 de
365 2585 461 2650 demis
493 2585 600 2652 Atticis
633 2607 662 2671 p.
683 2587 736 2670 27,
767 2588 798 2649 in
830 2588 928 2670 lapide
961 2597 1067 2672 aperte
1098 2597 1207 2653 extare

190 2688 386 2775 Σώστρατον
406 2683 658 2773 Ἀλεξανδρεύς.
701 2692 804 2776 Ergo,
826 2693 884 2755 uisi
905 2692 986 2757 iorte
1001 2695 1104 2758 'verba
1127 2712 1207 2758 eor-⁴

188 2801 279 2876 rupta
300 2799 384 2877 sunt,
402 2788 535 2859 ”Αναια
557 2794 588 2856 in
609 2793 697 2876 pagis
717 2793 824 2858 Atticis
843 2793 969 2876 postbao
983 2797 1207 2876 numerabitur3

188 2898 235 2962 sin
264 2904 442 2978 corruptum
472 2913 584 2960 nomen
616 2896 792 2980 habebitur,
825 2914 889 2959 nou
919 2898 1010 2961 video
1037 2898 1208 2964 iaorliorem

188 2999 369 3063 medicinam
392 3016 483 3080 qnam
515 2998 566 3061 vel
598 2992 828 3075 ὄΑἰξωνιύς,
858 2999 909 3062 vel
942 2995 961 3065 d
990 2995 1210 3082 Ἀνακαιιιλο,

189 3102 239 3164 vel
261 3101 394 3183 denique
416 3094 434 3165 ὁ
455 3093 659 3165 Ξυπεταιών.

253 3230 294 3293 ib.
319 3229 519 3312 Θεότιμος
539 3223 558 3309 ὁ
579 3226 734 3314 Spurio
756 3226 966 3320 oinoidooc]
1000 3236 1046 3301 De
1059 3237 1149 3313 Sesto
1168 3243 1208 3306 ab

190 3333 348 3416 Abydenis
370 3339 402 3396 et
423 3331 521 3415 Cotye
545 3342 712 3417 occupata,
742 3335 797 3398 sed
820 3335 936 3419 Olymp.
970 3335 1047 3423 106,
1074 3339 1208 3408 dveit

191 3436 362 3502 acbarete
391 3444 515 3515 recepta
546 3436 617 3501 vide
645 3437 772 3502 Weberi
797 3439 1037 3506 Aristocrateom
1072 3462 1103 3525 p.
1133 3446 1208 3510 452.

190 3541 237 3606 De
258 3539 418 3604 Theotimo
442 3538 563 3603 aliunde
585 3557 648 3603 uon
672 3540 970 3609 videtureonstare.
1030 3548 1033 3553 ’

255 3666 295 3753 3,
310 3668 360 3734 15.
391 3660 453 3736 oin'
476 3671 726 3754 εἰσαγγελίαι
748 3663 838 3738 arod
860 3673 1118 3761 κρινόμενον]
1140 3679 1211 3744 Ae-

193 3773 315 3837 schines
337 3774 368 3835 in
391 3772 522 3854 ctesiph.
545 3772 587 3836 52
609 3793 639 3856 p.
657 3771 733 3836 440:
756 3772 818 3859 ουἰι
840 3773 990 3860 ὤκνησεν
1009 3772 1067 3843 ἀπ’
1096 3784 1223 3866 εἰσιν.

192 3875 305 3955 ratior
337 3865 446 3940 ednod
482 3875 681 3960 κρινομένου
721 3878 796 3960 περὶ
837 3877 994 3947 eaodem
1027 3879 1213 3967 κατήγορος

192 3974 367 4059 γενέσθαι.
640 3983 643 3987 ’

258 4097 295 4181 3,
325 4096 366 4161 16
392 4094 685 4170 ιλιιαιιούοαναο
717 4106 776 4178 aie
810 4097 855 4173 ad
884 4100 1154 4191 δικαστήριον]
1184 4108 1218 4171 Β,
