2806 4896
191 459 242 532 oo
308 448 317 463 '
556 461 843 530 senonis.

254 662 283 725 ρ.
306 641 401 726 23,2
432 634 570 726 αὐτὸς]
599 641 776 707 Aristonem
797 640 937 725 intelligit
963 640 1134 728 Bahingto,
1162 648 1213 711 nui

191 746 361 810 subiectum
385 745 472 809 term
493 743 582 833 εἶχεν
602 745 767 828 Dionysius
780 744 832 808 ille
849 743 980 808 ridetur.
1022 743 1093 828 llg'o
1106 740 1214 816 αὐτὸν

186 849 291 928 notius
311 854 415 928 putam
441 864 512 911 eum
532 846 593 911 diei
615 848 703 912 nnius
723 862 836 911 noman
858 845 1019 910 mteroidit

254 959 339 1045 23,t
371 955 424 1027 ὅτ’
444 950 494 1044 ἦν
515 953 703 1027 androsii
722 952 835 1044 ‹iynir
851 951 951 1043 node
969 951 1214 1050 Ἀρχεστρα-

190 1063 231 1131 τί
236 1062 323 1148 δην]
344 1062 474 1127 Pnlnhra
494 1061 748 1128 Archestratiden
769 1064 929 1127 revocarit
949 1062 1110 1146 Bahingtn.
1144 1066 1213 1129 Ex-

189 1170 273 1233 tabat
293 1168 454 1252 Hyperidis
476 1170 577 1233 oratio
599 1161 671 1236 κατ’
691 1163 992 1258 Ἀρχεστρατίδου,
1019 1169 1105 1235 onius
1130 1162 1212 1233 reli-

188 1273 276 1354 quias
298 1272 470 1354 composuit
491 1271 642 1353 Sauppius
663 1269 757 1334 Orntt
777 1270 897 1353 irgmm.
920 1289 949 1353 p.
965 1268 1039 1334 233.

253 1379 305 1464 23,
328 1380 348 1442 5
371 1378 546 1448 τοιοῦτο
565 1373 643 1462 γάρ
668 1382 752 1444 ἔστι
783 1373 825 1445 τὰ
857 1372 1100 1462 Ἀρίστωνος
1119 1404 1212 1447 τον-

187 1482 282 1549 τουῒ
299 1483 482 1566 πρᾶγμα·
508 1473 637 1554 αὐτὸς
660 1527 668 1545 .
692 1527 700 1545 .
724 1478 746 1562 ]
770 1480 881 1543 Fraudt
901 1481 957 1545 tuit
980 1481 1098 1567 editori,
1117 1501 1209 1566 quern

188 1585 340 1653 sententia
361 1583 526 1647 verhornm
545 1599 673 1666 snorum
687 1577 726 1648 τὸ
744 1579 883 1666 ἄριστον
894 1579 1211 1670 τοντουῒπράγμα-

186 1713 266 1765 τος.
288 1705 370 1770 qnae
391 1705 432 1751 ne
459 1703 574 1769 graece
605 1683 727 1765 quidem
750 1683 829 1748 dieta
857 1691 943 1768 sunt,
970 1685 1080 1751 trustra
1108 1688 1208 1771 torsit,

189 1790 274 1873 qnod
297 1797 369 1872 post
390 1811 533 1872 τριτῃια
554 1788 631 1851 duas
648 1787 765 1850 litteras
788 1788 965 1869 absumptas
984 1807 1054 1855 esse
1080 1808 1139 1872 per
1159 1791 1210 1854 la-

188 1913 299 1958 ennam
315 1910 380 1957 non
401 1891 623 1955 animadvertit
649 1890 730 1972 'Ipsi
751 1888 889 1955 Aristoni
904 1887 1030 1978 (udaie)
1042 1895 1209 1986 opponitur

188 1996 301 2063 sodalis
322 1995 555 2059 Theomnastus.
1148 2005 1152 2008 ·

242 2101 346 2188 ·23,7
380 2096 544 2186 τιτριών]
580 2098 716 2164 Eandem
747 2099 876 2163 formam
908 2101 1083 2170 Boeekhins
1114 2105 1209 2170 tuitus

188 2215 234 2272 est
255 2208 287 2270 in
309 2205 417 2287 fragm.
441 2212 518 2268 orat.
542 2211 652 2268 eontra
672 2203 826 2268 Demoslh.
846 2202 943 2285 p.1t.
964 2205 1102 2273 llerito(
1129 2209 1208 2274 Satis

187 2311 267 2374 anim
289 2314 411 2373 constat
431 2306 471 2370 da
500 2306 559 2369 han
587 2306 688 2370 iorma
720 2326 761 2371 ex
789 2308 914 2373 comicis
943 2310 1041 2390 poetis
1070 2307 1107 2394 (ι.
1131 2311 1207 2377 ·Do-

184 2417 294 2478 hrenm
317 2412 354 2476 ad
378 2411 469 2475 hrist.
492 2409 704 2491 Vespp.1020
729 2417 760 2474 et
780 2410 963 2475 ldeinehiunn
979 2413 1018 2477 ad
1033 2405 1207 2481 Pherecra-

186 2527 249 2581 tem
269 2511 375 2596 1,348
398 2519 429 2575 et
452 2511 490 2574 ad
512 2512 669 2574 Platonem
692 2529 721 2593 p.
734 2512 831 2594 685J3
854 2517 907 2596 qni
928 2532 997 2577 aum
1019 2517 1101 2580 vitae
1124 2536 1206 2582 con-

185 2616 378 2686 suetudinem
399 2623 603 2698 sectarentur,
616 2633 665 2679 ne
674 2616 707 2678 in
723 2615 916 2697 pedestrihns
926 2617 1055 2699 qnidam
1067 2622 1207 2701 scripto-

184 2722 270 2787 ribus
290 2720 369 2797 haeo
390 2718 490 2783 torma
510 2717 702 2782 librariorum
723 2717 844 2781 videtur
859 2719 1028 2784 oseitationi
1042 2722 1206 2787 tribuenda

183 2845 274 2910 esse,
304 2842 384 2907 qnae
406 2823 462 2888 fnit
483 2827 636 2888 sententia
666 2821 700 2886 G.
721 2821 874 2887 Dindorlii
902 2823 992 2890 Thes.
1026 2824 1130 2907 steph.
1156 2825 1205 2908 vt,

184 2918 258 2998 315.
300 2928 449 3021 Equidem
471 2946 531 2992 neo
561 2927 642 3008 apud
674 2925 768 2989 lhne
799 2924 827 3009 1,
855 2925 908 3010 30,
923 2925 951 2991 ’3
983 2915 1135 3013 περιόντι
1159 2931 1206 3018 τῷ

184 3034 278 3117 θέρει
311 3049 371 3095 neo
400 3033 479 3112 apud
512 3030 654 3112 Xenoph.
687 3031 763 3095 llell.
794 3029 824 3115 3,
854 3032 885 3113 2,
915 3030 957 3095 25
985 3028 1137 3118 περιόντι
1157 3034 1205 3120 τῷ

183 3136 326 3219 ἐνιαυτῷ
346 3142 453 3197 onntm
476 3134 566 3197 hdem
586 3133 734 3196 lihrorum
755 3133 1033 3199 exterminaverim.
1084 3131 1204 3198 Conie-

183 3233 298 3298 rendus
321 3236 410 3297 etiam
431 3234 553 3299 Ahrens
574 3235 614 3299 de
635 3235 704 3301 dial.
726 3237 801 3300 Dor.
829 3256 858 3319 p.
881 3235 954 3302 357.
973 3235 1050 3303 574.

247 3337 359 3422 23,11
396 3336 650 3431 Θιομνὴστῳ]
687 3342 924 3409 Theomnestnm
958 3363 1015 3409 eur
1047 3345 1204 3410 maluerim

181 3445 336 3510 hominem
357 3445 517 3510 nominare
540 3466 633 3528 qnam
649 3448 700 3512 vel
714 3433 956 3529 Theophrastum
974 3449 1204 3532 vell'hengno-

181 3556 260 3615 stum
285 3550 336 3613 vel
357 3549 383 3613 si
406 3549 477 3632 qnid
500 3549 597 3616 simile
618 3560 710 3616 sonat
732 3570 841 3617 caussa
862 3551 940 3617 haee
953 3553 1022 3638 init,
1045 3553 1205 3637 qnodno-

183 3672 253 3718 men
274 3654 306 3718 in
327 3652 428 3719 Attica
449 3654 603 3738 vulgatius
630 3656 779 3737 planehat.
822 3655 899 3719 Nam
929 3653 1133 3725 Θιὸιιτιστοι.
1154 3664 1205 3721 ant

183 3763 339 3820 extremae
362 3757 470 3821 aetatis
493 3765 565 3822 sunt
577 3764 630 3822 ant
645 3773 709 3821 non
721 3756 821 3840 Attici,
836 3757 930 3822 ueluti
938 3757 1047 3838 Papius
1061 3755 1205 3826 Θιόττι·

183 3879 267 3922 τιον
288 3859 373 3922 leten
403 3860 434 3922 in
457 3860 596 3924 ordinem
626 3859 752 3940 recapit.
1089 3938 1092 3942 .

247 3958 299 4042 23,
327 3958 366 4023 13
402 3961 572 4051 τιτρὲχτι
603 3958 733 4045 ὥσπερ
765 3973 854 4036 rote
882 3962 1051 4050 λῃσταῖς
1077 3968 1207 4044 ἐπιτι-

183 4084 248 4127 τιτι
255 4087 282 4145 μ
290 4053 333 4128 dv
357 4103 366 4123 ·
389 4104 398 4124 .
421 4061 444 4144 ·]
468 4063 551 4129 llaee
571 4065 668 4130 verha
690 4063 852 4146 ancipitem
873 4066 1059 4131 intellectum
1081 4067 1206 4131 hahent

160 4239 164 4249 ¹
182 4158 349 4231 Audiamus
361 4165 530 4251 editorem,
552 4169 605 4250 qui
618 4170 660 4234 in·
678 4167 839 4235 hddendis·
852 4168 935 4235 :haee
956 4173 1093 4254 scripsit:
1117 4170 1207 4254 „ssya
