2806 4896
510 337 903 454 unanimo
1157 405 1204 456 vu

186 573 354 653 virorum,
380 587 463 654 quos
489 573 582 638 nullo
607 574 755 656 unquam
779 591 857 639 mco
888 572 1051 648 beneficio
1082 591 1207 655 provo-

187 708 332 772 cassem,
361 693 440 773 erga
461 692 734 774 me'benignitas.
787 691 884 772 Quae
913 694 1026 760 omnia
1045 694 1207 772 iecerunt,

187 815 223 875 ut
249 831 292 876 ex
321 813 423 893 lungo
456 815 607 894 temporo
641 789 769 878 nullum
805 811 893 877 diem
921 816 1094 905 laetiorem
1126 815 1208 880 mihi

188 930 303 998 videar
326 932 451 1011 egisse,
478 949 679 1013 quam-eum
697 950 773 1012 quo
798 933 1005 1014 praeclarum
1030 935 1097 1000 huc
1111 935 1207 1000 Attici

127 1121 128 1124 Ἴ
188 1050 321 1131 eloquii·
337 1054 526 1136 exemplum
552 1055 586 1119 iu
612 1071 730 1123 manus
756 1072 887 1121 sumere
922 1056 954 1117 et
985 1054 1090 1134 plenis
1122 1056 1208 1119 hau·

187 1168 290 1234 sunus
315 1155 507 1238 cornutula
526 1173 628 1239 iscus.
679 1172 793 1239 sciunt
816 1172 873 1256 qui
889 1173 947 1237 ruo
969 1171 1021 1238 ue
1036 1172 1209 1247 -rsteso

188 1289 353 1370 paschalis
378 1291 503 1372 primus
533 1293 598 1373 ⁴fuit
626 1327 672 1339 —
701 1293 800 1358 torte
828 1310 883 1357 mc
917 1297 1143 1358 convenerunt
1173 1294 1208 1357 in

192 1407 339 1489 opiparis
366 1409 504 1492 dapibus
523 1413 766 1504 luxuriantem,
791 1411 905 1496 Herm.
927 1411 1084 1492 Lotzius,
1109 1412 1209 1478 fami-

189 1525 279 1591 liaris
300 1545 393 1593 meus
418 1532 453 1593 ot
473 1517 811 1610 'ystsuudpsosocxom
842 1533 939 1612 atque
956 1530 993 1595 B.
1008 1530 1044 1596 L.
1062 1529 1209 1597 Gilders-

189 1647 325 1727 laevius,
349 1648 585 1729 Amerioauus,
621 1683 667 1708 -.-
700 1649 792 1714 cuius
809 1666 889 1730 ego
917 1649 994 1730 post
1030 1647 1210 1713 discessum

191 1766 263 1847 pari
288 1783 371 1831 cum⁴
390 1766 556 1833 desiderio
579 1768 715 1834 memini
738 1772 840 1850 atquc
866 1765 905 1833 G.
926 1767 973 1832 Μ.
992 1752 1104 1847 Lucili,¹
1129 1769 1209 1861 civis

191 1886 264 1966 sui,
289 1886 443 1954 virorum*
462 1887 620 1953 iuvenum
647 1890 680 1953 et
704 1888 849 1954 candore
873 1887 976 1953 animi
1005 1889 1210 1970 praecellen-

190 2005 281 2070 tium
299 2007 331 2070 et
345 2005 399 2070 ad
423 2006 589 2073 ornandas
613 2007 647 2078 in
670 2008 729 2072 illo
754 2009 837 2074 orbe
862 2009 987 2074 litteras
1009 2008 1210 2089 antiquitatis

189 2129 426 2197 natorumoe
600 2138 602 2140 ’
1055 2191 1079 2196 .,
1167 2190 1170 2196 .

264 2253 345 2319 Esto
375 2254 543 2336 proiecto,
578 2253 695 2319 viderit
727 2253 793 2318 hoc
826 2254 1006 2333 saeculum,
1042 2269 1128 2334 quae
1161 2240 1211 2319 est

191 2373 262 2437 eius
288 2373 329 2438 ab
355 2374 419 2438 hac
452 2376 545 2455 parte
576 2373 750 2455 singularis
787 2371 946 2453 felicitas,
977 2372 1068 2438 haud
1104 2367 1211 2456 pauca

181 2488 395 2559 Graecorum
416 2489 708 2578 Romanorumque
737 2495 937 2576 scriptorum
961 2511 1086 2576 opera,
1111 2510 1209 2576 ¹quac

189 2613 224 2676 in
246 2617 417 2681 aeternum
442 2615 572 2696 sepulta
597 2615 833 2680 credebanturz
858 2624 966 2696 pauca
981 2614 1160 2707 redierunt
1174 2612 1208 2675 in

189 2732 315 2809 lucem,
340 2749 427 2813 quae
456 2751 533 2798 cum
557 2735 591 2800 vi
613 2739 646 2799 ot
666 2734 868 2799 iucunditate
904 2732 1087 2813 argumenti
1121 2732 1217 2796 hanc-

189 2850 352 2936 sermonis
376 2851 571 2931 sanitatem,
599 2851 686 2915 lianc
718 2853 824 2916 artem
854 2851 1103 2932 compositionis
1127 2867 1209 2937 cou-

189 2972 335 3036 iuuctam
362 2970 533 3035 haberent.
584 2967 669 3037 Vere
694 2971 862 3036 affirmare
888 2984 1043 3051 possum,
1064 2967 1099 3033 id
1119 2968 1209 3048 quod
1246 2990 1251 2998 ·

188 3108 277 3157 nunc
301 3106 380 3156 suus
402 3106 568 3172 quemque
591 3106 671 3155 usus
696 3090 840 3169 docebit,
869 3091 945 3173 post
970 3088 1139 3160 Tullianos
1165 3086 1208 3152 de

187 3219 269 3300 Rep.
292 3217 395 3282 libros
421 3217 504 3281 nihil
528 3233 666 3298 prorsus
691 3235 733 3283 ex
758 3218 850 3282 libris
867 3214 1110 3296 manuscriptis
1128 3229 1206 3294 pro·

188 3337 293 3418 disse,
324 3337 414 3419 quod
440 3350 516 3401 oum
541 3337 607 3416 hoc
632 3337 820 3402 orationum
845 3335 919 3418 pari
943 3333 1048 3416 possit
1070 3334 1208 3396 conteu-

188 3455 277 3521 dere.
327 3457 412 3525 Nam
432 3459 552 3540 reliqui
575 3458 651 3524 libri
676 3457 805 3536 vetusti,
821 3456 886 3538 qui
911 3471 953 3520 ex
979 3451 1129 3518 claustris
1154 3449 1207 3514 bi-

186 3575 427 3642 bliothecarum
448 3595 556 3661 nuper
581 3552 714 3643 demum
741 3575 852 3642 emissi
873 3575 960 3651 sunt,
982 3569 1207 3653 plerique..vel

187 3702 332 3766 aetatem
364 3717 433 3766 nou
459 3704 630 3784 attingunt.
649 3704 796 3786 priorem
833 3701 867 3764 et
900 3686 1008 3778 quam*
1036 3693 1206 3759 classicam

185 3842 446 3917 nuncupamuss
460 3830 512 3894 vel
539 3829 582 3896 ad
607 3846 665 3896 eos
691 3826 855 3911 pertinent
876 3824 1039 3902 auctores,
1063 3808 1205 3913 quorum
1294 3895 1302 3907 ,

187 3952 253 4019 alia
294 3955 405 4022 tamen
447 3957 640 4038 supererant
670 3952 869 4020 documenta
906 3948 1045 4031 ingenii;
1086 3948 1139 4012 vel
1183 3964 1204 4010 a

186 4078 323 4161 pristina
346 4079 456 4163 specie
485 4081 610 4164 delapsi
636 4079 853 4164 perexiguum
875 4079 1033 4146 ambitum
1060 4077 1203 4148 habent;
