2806 4896
497 425 777 523 senon-ri.
1097 425 1144 499 71

130 597 270 690 ἀζήμιος
291 594 337 686 ἦν
357 598 552 690 ’λἰιεροίδης
573 611 610 672 ἐν
630 608 675 691 epi
697 604 788 690 ὑπὲρ
804 601 1024 690 Λυκόφρονος
1035 611 1150 694 φησίν,

129 707 184 771 cir.
203 726 237 788 p.
258 705 310 781 27,
336 703 376 772 18
398 714 428 795 et
450 709 648 788 prooemium.
744 709 746 712 ’

193 807 290 891 26,6
321 809 404 873 τῶν
436 808 758 894 πεπραγμένων]
791 811 930 890 opposita
952 804 993 878 roi
1017 837 1151 898 πεπρα-

127 915 240 1001 γμένα
270 911 326 976 illie
363 927 444 992 quae
478 905 750 996 καταψεύδονται
783 918 815 980 oi
845 911 1035 1000 κατήγοροι.
1089 916 1150 981 seo

128 1017 263 1083 tortasse
291 1011 333 1081 ed
356 1013 581 1098 πεπραγμένα
610 1014 700 1078 simul
731 1016 976 1098 complectuntur
1004 1035 1042 1081 ea
1069 1036 1150 1098 quac

130 1120 198 1201 quis
220 1118 257 1183 ad
280 1116 491 1182 defensionem
513 1115 561 1180 sui
584 1125 808 1183 commentatus
842 1127 889 1185 est
921 1126 952 1183 et
979 1120 1149 1205 meditatus,

129 1231 294 1305 antequam
314 1222 346 1284 in
368 1219 511 1284 iudicium
532 1220 627 1286 uenit.
1181 1223 1182 1226 ’

193 1323 310 1409 26,14
338 1318 665 1408 ἀπολελεῖφθαι]
703 1323 794 1397 Quod
821 1326 972 1409 Babinglo
1004 1335 1151 1408 posucrat

129 1410 363 1512 αἰιολιλῆοθαι
391 1443 456 1491 non
478 1427 639 1490 videbatur
669 1426 740 1490 mihi
769 1429 870 1509 locum
895 1428 1016 1494 lrabere
1045 1446 1150 1511 possa.

127 1531 205 1595 Nam
226 1538 261 1595 ut
281 1529 372 1611 luerit
394 1528 558 1611 aliquando
581 1530 611 1591 in
632 1547 690 1593 usu
713 1522 1045 1610 οἱιιολονθάνιοθαι,
1066 1532 1151 1614 qnod

128 1654 219 1721 quam
241 1635 281 1700 sit
301 1634 425 1698 dubium
456 1633 570 1714 patebit
600 1630 757 1697 Schaeleri
784 1641 887 1697 notam
909 1634 948 1698 ad
968 1635 1068 1718 Longi
1089 1637 1151 1713 Pa-

129 1739 243 1806 storall.
265 1737 295 1822 3,
319 1739 339 1802 7
363 1755 394 1818 p.
409 1736 472 1800 266
494 1736 600 1801 Sciler.
624 1737 868 1821 inspicientibus,
892 1740 944 1821 qui
958 1740 1059 1820 paullo
1078 1747 1151 1804 ante

127 1837 424 1911 ἐπιλανθάνονται
446 1840 585 1922 dixerat,
607 1837 688 1903 idem
710 1839 740 1903 lr.
761 1840 782 1906 l.
804 1842 991 1921 repetiturus
1013 1850 1094 1926 erat,
1122 1843 1150 1908 si

129 1945 279 2010 sententia
301 1945 452 2027 exigeret.
497 1943 565 2025 Ego
588 1959 665 2006 vero
687 1959 770 2005 nunc
791 1960 854 2008 non
876 1943 936 2010 hoc
963 1946 1021 2009 dici
1042 1948 1150 2032 credo,

128 2067 198 2112 eum
221 2049 273 2130 qui
294 2048 370 2131 napi
393 2047 461 2113 τῶν
482 2051 609 2125 ἔξωθεν
631 2043 800 2128 διαβολῶν
822 2041 1037 2134 ἀπολογεῖται
1067 2052 1149 2116 obti-

125 2154 202 2218 nisci
224 2171 331 2240 eorum
344 2170 432 2234 ,quae
454 2150 492 2213 ad
514 2168 579 2213 rem
601 2149 781 2233 pertineant,
798 2185 840 2196 —
862 2169 931 2213 nam
946 2170 1040 2234 supra
1059 2156 1151 2221 timor

126 2257 336 2337 recordationi
358 2256 531 2320 oberat-
554 2253 610 2318 sed
632 2252 704 2315 dum
726 2252 757 2315 in
779 2253 836 2318 illis
858 2262 996 2320 moratur
1027 2256 1149 2340 diutins,

127 2348 249 2425 excludi
271 2378 289 2422 a
313 2360 460 2424 diluendis
481 2359 537 2422 illis
559 2359 591 2421 in
613 2357 723 2440 quibus
745 2358 839 2423 cardo
852 2361 897 2422 rei
917 2368 1062 2426 vertatur.
1082 2361 1149 2446 lgi-

125 2472 179 2529 iur
199 2470 233 2527 ul
253 2463 361 2526 dicitur
389 2461 642 2530 α’νιολοίιιιοθαι
671 2467 703 2524 el
731 2461 909 2530 λείπεσθαι
933 2468 999 2541 τῶν
1025 2467 1149 2550 sciptor

126 2575 157 2634 et
179 2568 246 2634 νῶν
267 2560 478 2651 πραγμάτων
494 2566 608 2649 sitnm,
630 2566 671 2629 ita
692 2564 753 2628 nl.
779 2559 1049 2653 τῆςοῖιιολογίας,
1069 2588 1150 2651 quoe

126 2672 215 2754 quasi
236 2667 420 2735 elabitur'et
441 2668 592 2731 dicentem
614 2673 685 2746 post
713 2685 748 2732 se
777 2667 929 2748 relinquit.
983 2670 1067 2736 Alias
1094 2675 1149 2738 du-

126 2773 335 2857 κολασθῆναι
358 2768 451 2842 τινός
483 2769 619 2832 similiter
647 2768 766 2832 dicitur.
822 2769 874 2834 Vis
905 2770 1039 2853 denique
1067 2791 1149 2854 quae

126 2871 201 2953 insit
217 2878 249 2941 in
272 2876 418 2939 infinitivo
439 2873 569 2956 perfecti
590 2873 679 2937 facilc
701 2873 942 2954 persentiscitur.

190 2983 242 3068 26,
255 2979 305 3046 15
329 2978 486 3065 οἴησιν]
508 2998 565 3043 cur
584 2980 741 3044 maluerim
765 2998 855 3062 quem
877 2982 983 3064 cippo
1015 2979 1148 3047 reficere

127 3103 189 3150 non
212 3086 271 3149 erit
289 3085 465 3150 obscurum.
511 3084 571 3149 Sed
594 3083 724 3168 nequis
746 3102 893 3166 papyrum
915 3084 987 3148 illud
1009 3085 1148 3168 flagitare

128 3189 292 3254 arbitretur
304 3237 313 3271 ,
343 3189 467 3273 ultimae
503 3187 622 3252 litterae
648 3195 753 3252 tenne
791 3187 946 3271 quoddam
984 3189 1148 3273 vestigium

126 3299 240 3376 restat,
264 3290 347 3375 quod
370 3309 411 3354 na
432 3309 451 3354 a
472 3316 493 3358 ν
516 3290 639 3372 quidem
660 3280 788 3354 recedit.

190 3398 307 3484 26,19
336 3397 432 3468 οἷον
456 3392 529 3466 ιιαλ
548 3392 690 3476 αὐτὸς
710 3391 860 3467 οὐτοσὶ
885 3398 967 3484 κτλ]
995 3399 1144 3481 Babingto

127 3524 207 3589 quae
229 3505 261 3568 in
282 3502 439 3568 Addcndis
455 3503 617 3585 proposuit
632 3500 859 3586 supplementa,
881 3503 989 3565 inimo
1007 3504 1146 3584 margine

124 3618 232 3674 nostro
253 3609 432 3690 perscripta,
455 3607 504 3671 ita
517 3605 631 3671 reddit:
655 3605 735 3687 ,and
757 3605 815 3670 this
837 3606 863 3669 is
879 3604 930 3668 tlre
942 3622 1019 3688 very
1031 3605 1148 3690 feeling

67 3723 74 3736 “
123 3714 225 3779 ulrich
247 3714 407 3796 Lycurgus
431 3711 562 3795 displays
585 3710 722 3775 towards
752 3728 801 3772 me
831 3708 863 3770 in
891 3707 938 3771 his
960 3711 1147 3795 accusation,
1211 3712 1214 3717 ’

123 3817 183 3880 and
207 3818 235 3881 is
256 3823 312 3880 not
333 3815 383 3880 lor
404 3816 580 3897 permitting
602 3834 662 3897 any
693 3812 728 3876 oi
755 3811 808 3875 the
836 3810 1002 3876 advocates
1031 3830 1072 3877 on
1095 3816 1146 3897 'my

123 3921 189 3986 side
212 3928 246 3984 to
269 3919 380 3983 defend
403 3939 453 3983 mo
475 3919 500 3982 if
518 3920 591 4003 they
612 3920 699 3983 claim
721 3925 752 3982 to
769 3915 873 4000 speak,
896 3914 945 3980 lor
960 3917 986 3980 if
1000 3917 1074 4002 they
1093 3919 1143 4002 do,

121 4025 163 4088 he
185 4043 276 4090 vows
296 4024 361 4088 that
382 4024 431 4087 lre'
444 4024 504 4087 will
528 4025 568 4088 ba
597 4022 649 4086 the
670 4022 740 4086 ruin
763 4019 798 4085 oi
816 4020 928 4086 them.“
981 4020 1144 4103 comparat

122 4134 298 4208 quaesunt
320 4133 397 4191 orat.
420 4126 587 4207 Euxenipp.
609 4125 667 4188 col.
691 4122 743 4189 25.
766 4123 817 4187 26.
840 4123 893 4208 27,
914 4125 970 4190 sed
993 4124 1088 4188 verba
1107 4141 1143 4189 se
