2806 4896
491 433 768 504 SCHOLIA.
1047 439 1129 524 Ι41

115 609 204 673 allert
225 609 344 697 Isaeum
357 609 399 675 de
410 610 540 691 Nieostr.
551 611 594 677 28
616 607 825 699 α’πογραφελς
846 619 895 692 εἷς
917 615 980 704 edu
1001 621 1133 706 βουλὴυ

114 713 309 795 κακουργεῖν
328 705 511 802 ὐποχαρῶυ
532 711 634 802 ᾤχετο
650 718 708 783 ’καλ
732 709 790 803 οὐχ
809 710 1007 802 ὑπήκουσεν.

181 810 724 901 4,1ἀαταγέλαστουέστιύ]
757 819 822 882 Hoc
850 812 1014 910 uocabulo,
1048 833 1131 912 quod
1181 890 1185 896 ,

116 918 226 999 seiam,
249 918 381 981 abstinet
401 917 644 985 Demosthenes:
669 921 725 986 sed
746 923 941 989 moratione
969 933 1043 1014 περὶ
1064 935 1131 999 τῶν

116 1013 200 1100 πρὸς
221 1016 444 1104 Ἀλέξανδρον
461 1023 657 1106 συνθηκῶν,
680 1042 771 1104 quam
792 1026 914 1107 quidam
936 1029 1077 1097 rhetores
1101 1043 1132 1098 et

115 1124 302 1204 grammatici
330 1121 476 1204 Hyperidi
502 1124 672 1208 vindicant,
704 1127 751 1192 his
782 1131 925 1193 recurrit:
956 1131 995 1214 7„
1013 1153 1042 1216 p.
1070 1134 1132 1200 213

114 1225 360 1311 καταγέλαστος
387 1221 405 1291 ὁ
428 1220 525 1311 λόγος
547 1235 579 1292 et
602 1226 651 1314 15,
674 1250 702 1312 p.
727 1229 789 1294 215
820 1225 860 1299 τὸ
887 1233 922 1301 δὲ
945 1238 1133 1321 καταγελα-

39 1356 45 1361 ·
95 1346 289 1403 στοτοτου.

138 1462 143 1471 ·
180 1429 221 1494 sb
245 1431 394 1514 Διογυί
403 1432 487 1514 doc]
510 1433 539 1496 h.
558 1453 586 1497 e.
599 1435 815 1521 Διογενιίλης,
833 1443 866 1498 ut
885 1430 1132 1522 Ἀντιγενίδας.

115 1533 225 1596 Forma
247 1551 375 1615 prorsus
398 1553 479 1599 nova
500 1545 532 1601 et
554 1538 641 1603 euius
663 1539 769 1601 similia
799 1539 938 1620 exempla
969 1558 1030 1604 non
1061 1551 1133 1615 sunt
1188 1546 1191 1551 '

115 1639 325 1720 inpromptu,
356 1639 416 1701 nisi
451 1640 519 1720 quis
552 1639 694 1726 Θέογνις
723 1658 834 1703 nomen
863 1643 1064 1724 comparabit,
1094 1644 1132 1706 de

116 1757 178 1822 quo
189 1759 288 1822 nuper
298 1741 373 1804 dixit
383 1741 557 1807 Loheokius
568 1741 679 1806 Pathol.
693 1741 715 1824 l,
727 1740 800 1806 326.
837 1744 981 1808 vitiosam
995 1747 1131 1827 seriptu-

113 1860 178 1905 ram
200 1858 264 1906 non
285 1845 485 1925 crediderim
507 1863 622 1910 nomen
643 1846 723 1912 idem
747 1864 874 1928 passum.
885 1856 932 1911 est
953 1849 1035 1929 quod
1053 1869 1132 1931 quae

114 1947 146 2007 in
167 1969 290 2028 γυητος
311 1949 519 2011 terminantur.
1050 2001 1053 2005 .

179 2046 209 2130 4,
232 2046 252 2110 3
274 2042 468 2132 ἢὸυόμος
489 2042 659 2130 κελεύει]
678 2049 763 2122 Quae
777 2051 828 2114 lex
844 2052 993 2118 indicetur
1009 2057 1129 2137 ignoro.

180 2147 209 2234 4,
232 2149 253 2212 4
275 2148 544 2241 Ἀγασικλῆς]
580 2151 727 2233 Harpocr.
762 2170 786 2216 s.
809 2172 837 2215 v.
862 2155 958 2218 attulit
979 2156 1022 2218 B.-
1056 2161 1131 2241 περὶ

114 2249 354 2336 Ἀγασικλέους
368 2249 564 2337 Ὑπερείδης
584 2253 681 2337 λέγει.
697 2253 881 2339 γέγραπται
903 2259 955 2326 καὶ
967 2257 1133 2345 Δεινάρχῳ

115 2355 215 2440 λόγος
237 2352 309 2423 κατ’
332 2351 455 2432 ου’τοῠ,
480 2361 518 2422 ἐυ
549 2345 574 2441 ᾧ
608 2350 785 2439 δειλὴλωται
808 2352 860 2422 ὅτι
891 2353 1133 2445 Ἁλιμουσίους

115 2458 315 2527 συνεδέκαοε
337 2459 392 2526 καλ
415 2452 468 2525 hd
492 2460 596 2525 τουτο
620 2458 712 2534 ξέυος
742 2453 788 2527 do
811 2462 854 2548 τῆ,
885 2462 1036 2542 πολιτείᾳ
1058 2466 1131 2528 ἐυε-
1167 2468 1169 2475 ’

113 2556 238 2646 γράφη.
292 2559 367 2622 Vide
403 2559 566 2642 Seuppium
600 2559 637 2621 ad
669 2560 813 2624 Dinarchi
846 2570 922 2625 orat.
954 2563 1028 2626 xvi.
1060 2559 1131 2629 κατ’

112 2657 350 2747 Ἀγασικλέους
371 2654 560 2746 ἐἰσαγγελία
580 2682 609 2744 p.
630 2662 704 2747 331.
757 2665 845 2727 Nunc
870 2665 1025 2748 'Sauppius
1053 2685 1130 2731 sen.-

111 2767 236 2830 tentiam
258 2785 343 2831 suam
364 2767 528 2848 paullulum
549 2767 730 2860 immutabit.¹

179 2878 251 2962 t,6
285 2869 332 2944 ὧν
358 2915 400 2925 -
429 2871 570 2960 τούτων]
603 2878 671 2940 Noli
702 2873 832 2946 τούτων
865 2897 883 2940 a
915 2896 983 2942 voc.
1016 2882 1131 2946 αἰτιῶν

111 2982 313 3064 suspendere,
336 2980 419 3062 quod
439 2980 551 3042 illatum
576 2988 623 3043 est
643 2989 715 3061 post
731 2981 889 3044 relativum
904 2987 938 3042 ut
956 2980 987 3041 in
1003 2981 1039 3045 iis
1055 2981 1132 3045 loeis

113 3105 194 3170 quae
216 3086 310 3148 hebet
332 3084 523 3161 llermannus
545 3083 583 3146 ad
605 3082 764 3166 Sophoclis
786 3084 909 3148 Philoct.
943 3081 1014 3166 315,
1045 3086 1131 3165 quasi

49 3270 52 3274 Α
112 3209 175 3255 non
197 3179 243 3256 ὧν
266 3187 400 3268 sedsed
420 3187 631 3267 praecederet.

179 3303 210 3387 4,
233 3292 513 3384 10’“πρ1υαυ’το“
546 3293 587 3365 τό
621 3291 840 3381 κεφάλαιον
863 3326 925 3364 ..ι
949 3295 1131 3376 ἐξετάσω·

114 3436 150 3478 σι
160 3408 193 3491 υ]
216 3405 287 3469 Mihi
302 3405 382 3487 πρὶν
398 3397 623 3485 descripsisse
644 3408 751 3466 orator
765 3400 892 3465 videtur.
938 3401 1006 3465 Non
1022 3403 1131 3483 ignoro

115 3510 254 3593 quidem,
287 3506 442 3588 hodieque
473 3523 544 3569 esse
580 3504 632 3587 qui
664 3504 694 3566 in
727 3502 817 3568 huius
848 3503 929 3567 modi
963 3503 1131 3566 enunciatis

114 3612 199 3695 πριύ
221 3630 288 3674 eum
312 3610 404 3673 modo
428 3609 744 3692 coniunctium-quod
760 3610 791 3671 in
815 3607 992 3670 sublimiore
1015 3623 1132 3686 genere

113 3715 236 3779 dicendi
259 3709 398 3778 usitatum
422 3722 482 3796 est,
505 3714 594 3777 etiem
606 3711 685 3794 apud
704 3712 868 3789 Platonem,
883 3707 1130 3790 Xenophontem,

112 3826 255 3882 oratores
275 3816 394 3880 Atticos
424 3823 455 3878 et
484 3814 720 3896 Aristophanem
734 3812 799 3875 -vel
825 3810 986 3891 ferendum
1014 3813 1064 3876 vel
1093 3832 1132 3884 ex

111 3921 252 3985 codicum
275 3919 456 3983 auctoritate
482 3917 690 3997 recipiendum
720 3921 880 4010 censeant,
910 3915 1003 3981 veluti
1034 3935 1132 3999 nuper

110 4029 142 4088 in
163 4024 303 4106 Xenoph.
325 4021 422 4085 Anah.
445 4022 479 4104 ll,
504 4020 532 4101 7,
557 4018 597 4082 12
621 4012 669 4103 μὴ
692 4011 884 4101 ἀπέλθητε,
919 4020 1002 4102 πρὶν
1025 4015 1131 4087 ἁκού-

111 4153 190 4214 οηιε
211 4128 325 4192 editum
343 4133 399 4208 est,
421 4125 476 4188 olr.
492 4122 690 4187 Fritzsehium
707 4121 744 4186 ad
760 4120 836 4186 Rau.
850 4117 930 4185 1281
950 4129 981 4184 et
994 4121 1131 4184 Baeum-
