2806 4896
185 431 235 506 to
553 417 835 503 scnotrn

186 622 254 685 dem
277 624 402 682 secutus
423 613 598 678 Dindortius
623 609 751 698 ἀληθὲς
772 612 905 676 retinuit.
958 602 1028 691 Non,
1055 613 1096 676 ita
1125 615 1204 680 lirid.

187 721 348 802 Fr'anlrius,
372 735 462 781 carus
488 718 612 797 amicus,
644 716 696 796 qui
721 716 853 779 alterum
873 711 979 779 locum
1004 715 1119 781 addidit
1139 718 1208 784 lla-

186 824 293 888 mosth.
316 823 481 905 inPolycl.
503 820 524 882 2
554 840 582 902 p.
608 817 691 882 1206
720 813 933 903 ἐξελεγξάτω,
967 813 986 885 ὅ
1015 832 1061 886 τί
1079 817 1126 890 ἄν
1157 821 1209 906 μὴ

186 930 233 1013 φῇ
265 951 309 1008 με
339 920 453 1008 ἀληθῆ
481 925 607 1008 λέγειν,
635 922 686 984 ubi
710 933 825 984 'rursus
856 919 1050 987 Dindorlius‘
1067 917 1209 1008 ἀληθές,

186 1030 267 1111 quod
289 1028 357 1091 iere
381 1029 504 1091 codices
519 1034 643 1108 praeter
667 1026 699 1091 Σ
719 1025 913 1088 substituunt.
959 1026 1034 1100 Quid
1051 1027 1207 1091 discrimi-

184 1135 232 1197 nis
254 1133 293 1196 sit
314 1133 394 1195 inter
418 1129 547 1213 ἀληθὲς
568 1129 675 1215 ttym
698 1135 729 1191 et
751 1123 867 1215 ἀλαθῆ
890 1151 922 1192 τι
944 1129 1051 1212 λέγειν
1081 1131 1132 1194 vel
1155 1151 1208 1195 me

183 1243 303 1300 tacente
325 1235 511 1317 intelligitur.

250 1342 280 1425 8,
304 1341 343 1405 ll
368 1334 414 1408 οὐ
437 1335 755 1426 ψήφισμαέχρῆν
773 1364 813 1405 σε
830 1331 981 1421 κρὸςτὸ
999 1338 1208 1409 ἐνύπνιον

184 1444 371 1531 γράφειν]
408 1462 469 1507 non
497 1443 632 1506 debebas
659 1443 852 1524 rogationem
878 1443 957 1505 illam
987 1444 1026 1507 ad
1062 1447 1206 1532 populum

187 1550 270 1613 serre
292 1551 336 1610 od
356 1547 548 1631 (secundum)
570 1555 753 1610 nocturnum
776 1549 872 1611 visum
895 1548 1075 1631 Euxenippi,
1097 1558 1131 1614 ut
1149 1552 1207 1613 tri-

186 1653 286 1716 bubus
309 1651 366 1714 illis
389 1651 574 1715 adimeretur
592 1648 690 1713 ‘collis

250 1755 281 1840 8,
305 1756 345 1820 15
367 1749 385 1822 ὁ
404 1747 599 1839 πρότερος
614 1753 716 1836 ἐμοῦ
731 1752 869 1838 λέγων]
892 1753 1205 1819 Demosth.decor.7

186 1856 227 1925 τα
251 1862 314 1925 τοῦ
335 1858 492 1942 λέγοντος
513 1852 656 1937 ὑστέρου
678 1854 798 1923 δίκαια.
1170 1880 1173 1887 ’

251 1957 346 2041 8,18
384 1949 621 2032 αὐτοτελές]
654 1956 777 2021 Suidam
806 1977 830 2023 s.
862 1979 891 2022 v.
924 1958 1014 2023 affert
1043 1959 1204 2044 Babingto.

186 2062 276 2125 Adde
297 2060 430 2125 Bekkori
449 2059 533 2123 Anu,
553 2059 575 2141 I,
596 2057 660 2123 466
683 2059 723 2139 21
759 2053 986 2145 αὐτοτελής
1008 2062 1116 2148 dian:
1148 2058 1205 2146 ἀφ’

185 2156 228 2246 ἧς
248 2155 310 2231 ov'a
332 2168 426 2230 ἔστιν
446 2164 691 2231 ἐκκαλέσασθαι
711 2153 761 2245 ἐφ’
784 2165 913 2246 ἑτέραν.
945 2165 999 2231 καὶ
1026 2161 1207 2233 αὐτοτε-

187 2273 250 2340 λὲς
270 2262 310 2334 τὸ
332 2265 446 2349 κὺρισκ
467 2259 592 2340 ἁπλῶς.
640 2267 781 2332 Similiter
799 2266 981 2349 Hesychius.

252 2374 326 2457 9,4
365 2368 464 2448 τσῦις
493 2372 657 2456 ὁρκοτοὶς
692 2370 786 2450 τοὺς
819 2373 1078 2470 ατκτήκσκτα
1108 2383 1203 2464 κτλ.]

188 2480 320 2543 Bekkeri
343 2477 423 2541 Anu.
446 2479 468 2560 1,
491 2476 564 2561 287,
589 2477 630 2541 18
661 2475 875 2563 Ὃρκσταίε
909 2474 995 2570 οἷρχή
1024 2485 1077 2558 τίς
1102 2488 1205 2560 ἔσταν,

187 2579 261 2668 ἥτις
284 2576 426 2665 οἷφῶριζα
444 2577 487 2647 aa?
511 2581 579 2648 ἴδια
610 2583 665 2648 καὶ
696 2574 738 2648 τοὶ
774 2581 917 2666 δημόσια
950 2577 1204 2670 οἰκοδομήματα

189 2677 273 2770 πρὸς
302 2676 343 2749 τοὶ
377 2684 480 2769 οἰκεῖα
513 2681 656 2752 ἑκάστου
685 2683 816 2768 μέτρα,
846 2681 957 2770 ὥσπερ
988 2711 1075 2761 τινες
1109 2683 1206 2759 ὄντες

186 2785 370 2872 γεωμέτραι
394 2774 447 2852 καὶ
473 2781 685 2869 optatorum.
742 2785 983 2871 Quinquaginta,
1017 2789 1141 2870 opinor,
1173 2799 1206 2867 ut

187 2892 265 2954 binis
287 2890 425 2954 tribubus
448 2889 519 2952 deni
540 2890 760 2970 prospicerent.
862 2935 868 2945 .

250 2995 280 3076 9,
303 2995 324 3057 8
347 3018 516 3078 ποιησαι
539 3007 628 3060 ταῖν
652 2995 763 3062 doato
786 2996 930 3112 palata
950 3019 996 3061 τα
1019 2991 1204 3078 διάφορα]

187 3221 303 3281 poponi,
324 3201 356 3264 εί
375 3222 426 3264 σοι
447 3196 664 3279 λσσιτελοῑ,’
645 3226 725 3269 οσοσ
738 3206 912 3283 καλεῖται
932 3204 1074 3285 idemque
1088 3203 1204 3267 niter

186 3301 259 3367 tiunr
282 3299 319 3363 ad
342 3300 472 3382 Hesych.
491 3321 519 3367 s.
543 3322 572 3365 v.
595 3299 769 3391 διάφορον.

251 3410 280 3492 9,
305 3409 344 3471 10
367 3406 476 3488 ἄξιος
498 3411 551 3494 εἷ]
575 3411 688 3505 Copula
711 3416 823 3479 abesse
846 3432 907 3478 non
928 3414 1203 3496 potestneolidem

186 3514 320 3577 inveniat
343 3514 369 3576 si
392 3514 459 3595 quis
483 3514 520 3576 ad
542 3526 630 3578 usum
662 3535 690 3580 v.
714 3525 852 3599 ἕτοιμος
886 3517 1097 3598 pervulgatum
1126 3535 1205 3597 pro-

187 3617 319 3680 vocabit.
362 3615 427 3682 Nisi
450 3625 552 3680 tamen
573 3636 706 3700 papyrus
730 3617 881 3700 obstaret,
902 3618 992 3682 facila
1014 3618 1204 3700 praeferrem

189 3719 270 3799 quod
283 3719 358 3784 Lnd.
372 3720 506 3805 Largius
522 3730 626 3786 noster
635 3722 828 3786 commendat
841 3719 966 3801 ἄξιον,
980 3722 1048 3786 coll.
1059 3742 1087 3803 p.
1102 3721 1204 3804 15‚l9.

251 3821 280 3902 9,
303 3823 345 3885 22
367 3826 562 3909 ταφῆναι]
584 3846 614 3889 v.
636 3834 713 3889 orat.
735 3825 885 3907 Lycoplr.
907 3845 936 3908 p.
960 3825 1012 3907 30,
1037 3823 1086 3888 14.

258 3924 306 4005 10,
325 3925 346 3986 2
369 3931 416 3999 εἰς
438 3921 477 3994 τὸ
497 3924 656 4013 ἄγαλμα
679 3923 1206 4014 τήτὟγκοκάς]Μίσσῐκῑθίγισ-

189 4027 267 4110 pias,
290 4028 416 4092 oraculo
445 4033 554 4111 opinor
585 4035 685 4115 aliquo
719 4037 880 4100 somniova
903 4038 1034 4117 monita,
1065 4033 1207 4116 phialam,

189 4149 268 4211 quaa
294 4131 433 4198 sinistrae
464 4138 565 4200 manui
593 4146 711 4202 statuae
744 4137 882 4220 llygieae
909 4141 1114 4205 insereretur:
1144 4155 1205 4199 ox-
