2806 4896
519 376 890 443 PRAEFATIO.
1180 375 1216 445 tx

194 564 357 647 patientia
379 562 502 630 laboris
528 561 740 643 reprehendit
755 563 857 629 verba
876 564 1036 638 oratoris:
1061 564 1090 628 si
1107 564 1217 630 minus

196 683 450 765 ipsummet
469 684 612 748 mentem
636 683 747 749 tamen
767 682 963 763 exploravit.
1014 682 1103 768 ldem
1121 701 1219 764 prae·

197 808 248 867 ter
273 802 473 869 luoulentum
496 800 705 881 prooemium
724 798 849 879 addidit
864 801 1095 866 annotationes
1112 803 1219 883 patrio

197 939 350 990 sermone
367 923 561 1001 coemptas,
591 919 768 1001 inquibus
796 913 899 986 mutt'a
925 921 1021 996 docte
1046 922 1220 989 illustrarit

196 1039 405 1120 iudicioque,
436 1038 464 1103 si
494 1056 516 1103 a
549 1041 663 1120 paneis
697 1041 780 1105 loeis
811 1040 1025 1126 dimossario,-
1063 1060 1142 1108 usus
1171 1050 1220 1122 est

197 1164 288 1223 recto
308 1165 346 1223 et
371 1175 468 1223 sano.
524 1158 647 1224 Verum
675 1192 721 1209 -
748 1164 781 1225 et
806 1161 893 1241 quis·
914 1162 947 1226 id
980 1161 1153 1231 mirabitur
1185 1164 1219 1231 in

196 1278 325 1351 editore
359 1279 508 1361 prinoipe
547 1279 618 1348 eius
643 1279 744 1370 iibri,
778 1283 871 1350 onius
905 1283 1033 1349 litterae
1070 1286 1219 1366 singulae
1281 1271 1283 1276 ¹

195 1405 374 1486 apicesque
398 1404 580 1469 litterarum
610 1421 712 1487 saepe
735 1412 981 1472 -evaneseentes
1016 1424 1059 1472 ex
1089 1427 1217 1491 papyro

196 1521 387 1605 expiscandi
420 1520 555 1599 inerunt
577 1539 685 1602 eoque
711 1523 877 1589 interdum
899 1527 986 1590 male
1010 1527 1149 1591 habito?
1166 1562 1217 1575 -

194 1644 303 1726 primo
330 1642 439 1707 statim
465 1616 602 1707 oontutn
625 1642 657 1706 in
684 1643 781 1708 oertis
807 1643 889 1708 loeis
915 1645 1087 1710 etiamtum
1110 1647 1218 1725 aegris

196 1765 228 1826 et
261 1760 541 1851 obhaeresoebam
578 1765 611 1826 et
630 1806 634 1815 .
655 1761 822 1826 medioina
858 1762 947 1826 ultro
984 1763 1217 1828 sneeurrabat:

194 1858 314 1948 deinde
340 1898 407 1962 quo
434 1880 595 1946 curiosius
621 1886 775 1962 repetens
810 1881 941 1962 singula
973 1882 1138 1962 rimabar,
1173 1899 1216 1946 eo

193 2002 269 2084 plus
293 1999 490 2065 nasoebatur
514 1999 726 2066 dubitationis
758 2001 799 2064 de
829 2002 912 2067 loeis
937 2002 995 2082 qui
1028 2018 1095 2068 non
1122 2002 1215 2068 vida·

194 2122 309 2187 rentur
331 2117 374 2185 ad
396 2118 614 2197 integritatem
639 2120 783 2205 revocati
811 2137 883 2184 esse
909 2121 999 2185 haud
1014 2123 1137 2202 paucis,
1163 2124 1215 2187 in·
1340 2105 1343 2108 ⁵

193 2237 447 2318 telligebamque
468 2235 564 2316 plura
588 2252 689 2316 quam
705 2236 748 2301 ab
763 2236 862 2301 initio
873 2236 1077 2303 credideram
1088 2240 1216 2319 agenda

194 2360 227 2421 et
251 2356 299 2419 in
312 2355 421 2422 verbis
447 2352 631 2419 reficiendis
654 2358 686 2419 et
710 2355 744 2418 in
768 2356 1002 2436 explanatione
1026 2358 1216 2424 orationum

193 2478 318 2540 restare
339 2474 596 2540 sueoessoribus.
656 2472 856 2556 Quanquam
886 2472 1027 2540 multum
1056 2479 1215 2558 praestitit

192 2596 353 2676 liabingto
379 2598 413 2658 et
436 2611 522 2674 quae
555 2595 597 2658 ab
632 2593 759 2660 editore
793 2595 941 2677 prinoipe
974 2599 1135 2677 postulari
1161 2601 1212 2665 vel

192 2717 234 2781 ab
259 2714 380 2795 iniquis
405 2713 599 2781 censoribus
618 2714 754 2793 possint.
805 2713 948 2780 Messem
966 2714 1124 2797 leonilla,
1143 2720 1213 2800 spi-

191 2853 248 2901 ens
273 2836 385 2914 legere
408 2834 541 2913 reliquit
565 2833 648 2896 aliis.
738 2892 741 2895 ,

269 2959 306 3025 ld
338 2963 376 3025 nt
408 2974 472 3038 ego
509 2956 716 3039 potissimum
753 2959 887 3020 strenue
926 2973 1068 3022 oonnrer
1101 2929 1212 3023 faeere

190 3082 306 3164 plures·
329 3094 386 3141 me
409 3081 576 3157 etgraves
593 3091 732 3141 caussae
750 3074 960 3156 impulerunt.
985 3095 987 3099 ¹
1011 3074 1096 3143 Nam
1113 3095 1211 3160 prae-

189 3206 339 3280 terquam
365 3196 454 3279 quod
479 3195 675 3272 seruabam,
700 3191 809 3258 studio
826 3209 907 3259 meo
921 3194 951 3258 si
966 3195 1075 3260 minus
1097 3197 1210 3261 omnia

189 3318 315 3402 parlim,
339 3319 428 3385 oerte
454 3316 659 3397 aliquantum
692 3313 810 3396 prolioi
839 3330 963 3396 posse,
997 3316 1151 3381 veniebat
1175 3318 1209 3381 in

187 3443 350 3520 montom
385 3434 703 3516 cantabrigiensium
734 3433 973 3516 exemplarium
997 3434 1208 3516 splendorem

186 3561 423 3642 impedimento
442 3559 541 3639 fora.
552 3575 621 3640 quo
646 3557 754 3626 minua
773 3558 808 3621 in
824 3558 1003 3622 multorum
1020 3573 1061 3621 ex
1076 3561 1211 3623 nostra.-

185 3683 273 3747 tihna
301 3678 496 3759 ,Hyperiden
534 3676 576 3743 de
608 3676 694 3742 facie
725 3692 927 3757 eognosoere
963 3675 1206 3756 quamprimum

186 3801 394 3882 gestientium
438 3816 560 3866 manus
578 3799 824 3881 pervenirent,
863 3799 985 3878 utpote.
1014 3798 1204 3882 viventium,

185 3945 270 4009 quae
296 3936 369 3992 sort
394 3927 485 3991 solet.
504 3943 578 3991 esse
601 3926 868 4008 philologorum‚
904 3922 939 3988 in
970 3928 1063 3990 auria
1091 3925 1204 4008 supel-

185 4056 294 4124 leetili.
345 4052 575 4136 Quidniergo
602 4068 675 4132 ego,
699 4051 755 4115 eui
787 4048 857 4115 fors
891 4049 1024 4117 fortuna
1056 4052 1090 4116 in
1106 4048 1202 4116 ¹(ier-

876 4170 920 4211 aas
