2806 4896
183 380 233 454 36
540 386 820 454 8οΗΟΗΑ.

247 563 334 627 Nunc
356 574 568 647 argumentum
599 567 746 630 orationis
776 564 881 646 paucis
907 564 1047 645 eloquar.
1075 565 1200 631 Orditur

183 666 354 748 Hyperides
377 685 394 729 a
416 669 574 751 miratione
596 669 643 732 rei
664 686 765 734 novae
788 675 819 731 et
841 667 1003 750 indiguae,
1026 669 1111 748 quod
1134 673 1203 734 slo-

186 769 321 856 αγγελίᾳ
345 772 408 850 peti
427 772 485 833 iam
508 771 627 835 soleant
648 789 726 854 non,
749 778 782 832 ut
804 769 891 852 olim,
921 769 1089 849 perniciosi
1118 771 1205 837 cives

185 881 217 936 et
239 891 417 955 magnorum
438 875 624 956 reipublicae
646 875 827 938 damnorum
849 880 1007 957 auctores,
1030 876 1087 938 sed
1108 876 1143 958 ii,
1165 880 1205 938 ad

186 994 318 1059 quornm
350 977 468 1041 leviora
500 983 626 1058 peccata
655 977 707 1040 lex
738 994 818 1058 quae
847 984 913 1039 erat
942 976 982 1063 de
1014 979 1205 1067 εἰσαγγελίᾳ

184 1080 274 1162 plane
296 1099 360 1144 nou
382 1083 561 1162 pertineret.
615 1080 648 1143 ln
671 1098 732 1163 quo
754 1079 826 1143 illud
853 1080 985 1147 maxime
1014 1088 1106 1161 urget
1137 1080 1205 1161 lly-

184 1185 326 1270 perides,
348 1194 401 1268 ut,
424 1185 508 1266 qnod
529 1186 562 1247 in
582 1184 723 1266 populari
744 1184 982 1263 statucivit'atis
1012 1183 1204 1263 potissimum

185 1288 240 1369 sit,
262 1288 365 1369 legum
387 1287 546 1368 imperium
579 1287 733 1351 incolume
762 1294 968 1349 conservetur
992 1302 1112 1367 suaque
1134 1286 1203 1350 sine

80 1466 97 1471 ¹·
185 1389 265 1471 gatis
285 1389 463 1453 criminibus
483 1396 604 1460 constet
626 1389 706 1452 actio
727 1386 849 1469 legibus
876 1389 1006 1450 sancita:
1040 1384 1101 1452 τὸν
1132 1383 1202 1460 εἰξ-

144 1498 146 1502 *
186 1488 383 1575 oyyeieeado
410 1500 511 1556 autem
543 1487 654 1571 abaco
684 1508 747 1554 non
779 1490 892 1553 cadere
922 1492 955 1553 in
983 1491 1205 1573 Euxenippon,

186 1592 340 1656 bominem
369 1596 520 1675 privatum
554 1601 584 1658 et
613 1594 645 1656 in
678 1601 836 1658 oratorum
872 1592 1013 1657 ordinem
1048 1611 1206 1675 nunquam

185 1695 357 1763 admissum.
406 1699 609 1781 Ergoprave
631 1698 769 1762 adhiberi
796 1697 834 1761 ad
857 1715 927 1761 eum
956 1698 994 1760 ab
1022 1705 1206 1762 accusatore

185 1801 282 1865 verba
303 1802 398 1884 legis,
422 1820 502 1883 quae
524 1800 734 1889 εἰσαγγελίαν
755 1799 822 1863 lieri
842 1798 945 1864 iubeat
967 1795 1028 1866 ἐάν
1059 1820 1110 1872 τις
1133 1795 1206 1886 ῥή-

186 1926 263 1986 τωρ
285 1898 336 1968 ὧν
357 1898 408 1988 μή
430 1903 509 1989 λέγῃ
535 1898 577 1969 eoi
606 1899 724 1985 ἄριστα
746 1904 790 1988 τῳ
807 1899 907 1986 ’δήμῳ
930 1904 974 1989 τῷ
1003 1895 1205 1988 Ἀθηναίων

185 2002 345 2094 χρήματα
367 2006 565 2091 λαμβάνων.
596 2004 756 2068 Accedere
768 2004 806 2068 ad
818 2005 897 2067 bano
909 2004 1096 2085 iniquitatem
1107 2004 1207 2086 aliam,

187 2109 271 2191 quod
290 2108 475 2191 Polyeuctus
502 2107 619 2173 iudices
640 2116 725 2172 vetet
753 2107 825 2171 illud
860 2106 1142 2180 concederem,
1170 2114 1208 2170 ul

186 2213 328 2277 advocati
350 2222 382 2277 et
403 2213 491 2276 amici
512 2230 569 2294 pro
588 2214 640 2277 illo
662 2230 801 2279 caussam
823 2219 913 2275 orent
941 2219 973 2275 et
992 2211 1205 2292 Euxenippum

186 2319 286 2398 ipsum
306 2316 402 2381 rerba
423 2317 528 2380 facere
550 2325 651 2400 cogat.
704 2315 802 2380 Aliter
828 2316 926 2396 ipsum
954 2312 1150 2397 Polyeuctum
1173 2322 1208 2378 et

186 2423 217 2482 in
240 2421 304 2484 aliis
327 2420 444 2484 caussis
472 2422 576 2501 egisse
609 2419 710 2499 arguit
741 2416 927 2500 Hyperides,
958 2435 1027 2481 oum
1055 2423 1214 2497 patronos·

187 2523 244 2588 sibi
266 2522 422 2604 asciverit,
447 2530 478 2586 et
498 2523 529 2585 in
546 2521 604 2585 bac
624 2522 690 2603 ipsa
712 2539 820 2585 caussa
843 2539 911 2585 cum
941 2539 982 2584 ex
1011 2520 1100 2583 animi
1125 2539 1205 2592 seu·

186 2624 280 2688 tentia
302 2625 428 2687 cumina
451 2625 625 2690 criminibus
646 2625 841 2690 conseruisse
869 2633 932 2688 tum
954 2625 1126 2707 Lycurgum
1148 2625 1208 2689 sibi

187 2730 387 2811 assumpsisse
408 2730 536 2814 socium,
558 2729 712 2793 bominem
733 2736 765 2792 et
785 2730 816 2791 in
839 2728 969 2791 dicendo
983 2727 1206 2792 exercitatissi-

187 2850 269 2895 mum
291 2833 425 2915 nullique
446 2834 478 2896 in
499 2831 577 2896 urbe
599 2833 766 2898 secundum
797 2842 828 2897 et
846 2833 996 2896 maximae
1019 2831 1098 2913 apud
1121 2830 1206 2894 iudi-

187 2954 241 3000 ces
263 2937 461 3000 auctoritatis.
507 2935 629 3001 Scilicet
649 2937 777 3018 capitale
800 2937 915 3000 crimen
939 2936 970 2997 in
992 2952 1027 2998 se
1049 2933 1208 3005 admisisse

187 3039 399 3120 Euxenippum
419 3039 450 3101 iu
472 3040 669 3103 accusatione
691 3044 811 3121 ponere
833 3038 1042 3120 Polyeuctum.

252 3164 328 3226 Tum
364 3165 484 3228 demum
513 3167 598 3230 iubet
634 3174 741 3231 orator
774 3166 891 3231 iudices
924 3166 1044 3248 singula
1080 3165 1207 3226 crimina

189 3274 334 3331 accurate
357 3269 546 3331 examinare·
566 3277 734 3352 narratque
765 3269 835 3352 quid
865 3269 997 3351 populus
1026 3268 1208 3348 Euxenipp'o

188 3371 324 3434 muueris
346 3371 560 3454 imposuerit-,-·
574 3373 624 3435 ille
657 3371 813 3455 quomodo
834 3389 882 3435 eo
910 3371 1032 3436 iunctus
1061 3371 1119 3452 sit,
1141 3369 1207 3432 Po-

188 3474 329 3557 lyeuotus
365 3481 468 3536 autem
504 3493 544 3538 ex
572 3475 684 3539 iudicio
715 3477 821 3558 priore
859 3473 988 3538 inferior
1020 3473 1207 3538 discesserit.

189 3577 287 3653 Quem
307 3595 364 3669 par
385 3576 481 3642 fuisse
504 3580 643 3644 -ser'io
654 3581 790 3662 loquitur
803 3613 855 3663 -,
877 3579 903 3643 si
926 3575 1077 3641 diffideret
1097 3576 1208 3641 Euxe-

188 3842 353 3904 Πολύευκτος
371 3846 571 3917 Καλλικράτους
588 3843 762 3912 Ἑστιαιόθεν,
776 3847 854 3900 cuius
872 3845 1132 3901 senatusconsultum
1148 3843 1210 3897 ride

190 3933 260 4004 apud
277 3930 397 3988 Boecltb.
416 3935 449 3989 de
464 3953 493 3990 re
512 3935 597 3989 uaral.
615 3933 709 4006 Atinp
734 3935 858 3993 san-212
873 3952 911 4007 sq.
930 3933 983 3990 Sed
1002 3933 1065 3988 lieet
1078 3920 1208 3987 Hestiaeus

189 4039 274 4093 pagus
294 4022 396 4092 etipse
414 4023 542 4093 Aegeidis
561 4024 647 4079 tribus
666 4024 759 4091 luerit,
788 4023 926 4078 bominem
954 4023 1076 4095 ignuwm
1105 4021 1209 4076 nonin

190 4129 301 4175 censum
322 4111 480 4168 vocaverim.
1137 4128 1140 4133 ·
