2806 4896
510 325 884 483 rnsnrarro.
1180 394 1216 439 xi

192 561 403 642 tionibusque
425 562 568 627 breviter
595 563 765 628 disseram.
826 562 928 643 igitur
962 561 1026 625 los.
1052 560 1216 626 Ardenius

192 699 268 745 cum
295 698 384 746 anno
410 680 611 770 undecim
637 699 697 763 per
723 681 858 746 orientis
893 684 996 745 terras
1023 680 1216 761 peregrina-

193 804 305 876 retur,
330 817 553 881 papyraceum
576 804 733 866 volumen
758 820 780 865 a
805 800 935 864 duobus
961 800 1124 865 trabibus
1150 801 1213 864 sibi

193 918 339 983 oblatum
365 919 504 984 redemit
529 920 607 991 satis
634 920 723 984 tenui
749 938 811 1001 pro
838 919 957 984 virtute
983 921 1100 1002 pretio.
1126 922 1130 926 ’
1163 922 1215 985 11Ιί

191 1038 233 1100 in.
249 1035 441 1102 effodiendis
466 1043 499 1102 et
520 1039 763 1121 perscrutandis
788 1039 949 1120 sepulcris
976 1040 1064 1104 circa
1086 1040 1215 1103 Thebas

192 1155 361 1220 -bodie
389 1155 526 1223 Gourou
554 1160 721 1240 appeliant
743 1192 790 1207 -
813 1161 989 1241 Aegyptias
1011 1163 1162 1243 occupati
1180 1161 1233 1232 in

191 1276 399 1357 sarcophago
426 1284 642 1359 reppererunt
668 1278 756 1355 eius,
782 1278 900 1357 eredo,
934 1281 1003 1359 qui⁴
1018 1299 1078 1363 per
1113 1281 1214 1345 vitam

192 1394 380 1476 Hyperiden
420 1397 454 1460 in
488 1398 584 1462 sinn
608 1400 775 1478 gestasset.
844 1395 990 1463 Sebedas
1028 1398 1215 1465 londinum

194 1515 379 1593 asportatas
406 1530 481 1577 cum
508 1518 539 1578 et
570 1515 642 1578 aliis
667 1513 857 1579 bominibus
878 1516 1026 1581 litteratis
1049 1518 1214 1583 ostendis-

192 1635 243 1696 set
266 1639 515 1714 possessor,et
541 1632 687 1698 Samueli
713 1631 856 1709 Birohio,
883 1635 1093 1700 is'continuo
1118 1637 1233 1699 intelae

190 1754 287 1831 lesit,
313 1772 447 1819 omnem
474 1755 604 1818 illarum
620 1755 787 1831 habitum,
802 1755 984 1830 materiem,
1008 1757 1216 1837 scripturam,

191 1890 379 1937 mensuram
407 1872 492 1937 adeo
520 1889 703 1952 congruere
720 1887 794 1935 cum
812 1870 1021 1950 llarrisianis,
1046 1876 1083 1936 ut
1107 1875 1214 1936 utras·
1303 1861 1307 1867 ’

191 2009 256 2072 que
283 1991 429 2055 eiusdem
457 1991 536 2055 olim
560 1992 736 2055 voluminis
764 1991 863 2054 inisse
880 1981 1065 2073 appareret.
1116 1991 1214 2058 Utra-

191 2129 255 2192 que
281 2128 358 2193 pars
373 2115 516 2201 reperta
538 2109 657 2191 eodem
673 2115 823 2198 tempore
839 2110 992 2191 locoque,
1009 2111 1211 2193 Hyperideas

191 2229 359 2295 orationes
394 2229 571 2310 complexa
603 2229 763 2309 utraque,
801 2246 1004 2309 quanquam·
1025 2229 1057 2291 iu
1095 2234 1212 2292 neutra

192 2365 314 2413 nomen
340 2349 508 2430 scriptoris
535 2351 762 2430 consignatum
796 2352 855 2413 est.
916 2347 982 2423 Sed
1007 2347 1048 2414 de
1070 2350 1211 2414 auctore

191 2465 351 2538 dubitatio
382 2467 480 2549 plane
507 2468 597 2533 nulla
629 2467 852 2550 poteritesse
884 2468 1011 2548 siquis
1038 2467 1213 2550 prooemia

191 2592 293 2670 atque'
312 2587 438 2652 scholia
464 2591 577 2665 nostra
603 2589 860 2682 perlustraverit.
925 2606 933 2644 ὲ

263 2715 333 2780 lam
359 2714 440 2779 illud
469 2713 550 2779 felix
575 2717 625 2777 est
654 2716 687 2777 et
713 2715 846 2793 elegans
872 2713 1042 2778 inventum
1066 2714 1212 2794 Babing·

190 2833 295 2908 tonis,
321 2836 397 2896 tres¹
413 2832 486 2895 illas
511 2831 683 2895 columnas
709 2830 917 2895 llarrisianas
943 2851 963 2896 a
988 2851 1106 2897 caussa
1125 2834 1211 2897 llar-

189 2950 297 3035 palica
321 2950 486 3014 editorum
513 2964 676 3014 consensu
700 2949 850 3020 omniurn
876 2950 1001 3014 alienas
1019 2949 1211 3031 Lycophro-

190 3089 273 3137 neae
295 3070 461 3135 orationis
483 3069 648 3150 superiori
673 3085 745 3133 esse
770 3069 873 3151 parti,
907 3086 992 3150 quae
1023 3070 1057 3134 in
1096 3069 1210 3134 codice

189 3192 334 3273 abscissa
360 3194 429 3268 est,
456 3188 678 3253 vindicandas.
729 3188 771 3255 Ut
797 3189 848 3253 vel
874 3188 951 3254 inde
967 3188 1108 3257 eundem
1128 3191 1209 3254 olim

189 3310 290 3374 fuisse
311 3308 459 3374 codicem
485 3308 653 3372 clarescat
707 3305 859 3376 Ceterum
885 3326 961 3373 cum
989 3310 1095 3375 editor
1121 3305 1209 3374 (lan-

188 3428 394 3508 tabrigiensis
420 3427 569 3492 codicem
603 3429 735 3490 secutus
764 3427 924 3493 orationis
949 3427 1209 3508 Lycophroneae

189 3569 274 3633 quae
301 3555 412 3617 extant
439 3551 678 3634 praeposuerit,
699 3552 781 3615 mibi
801 3553 885 3617 ordo
905 3551 1117 3616 invertendus
1138 3554 1209 3615 erat

188 3678 375 3760 propterea,
401 3676 490 3756 quod
516 3677 734 3757 expectabam
759 3676 936 3756 imaginem
963 3672 1086 3739 codicis
1109 3674 1207 3739 litho-

188 3800 304 3882 grapbi
322 3802 392 3863 arte
410 3799 580 3880 redditam,
594 3802 637 3866 ad
656 3819 753 3883 quam
772 3803 939 3881 exigerem
957 3801 1032 3863 loca
1047 3800 1206 3878 mutilata,

187 3927 306 4008 quibus
329 3925 433 3990 altera
455 3926 563 3991 oratio
590 3910 697 4009 paene
717 3927 864 3992 vacabat.
913 3924 994 3990 Eam
1012 3925 1110 4007 igitur
1135 3927 1204 4008 pri·
1296 4006 1300 4021 Ι

186 4063 275 4112 mam
301 4047 508 4129 typographo
532 4046 662 4113 tradidi.
709 4045 767 4127 llt,
792 4050 827 4113 ut
849 4047 881 4112 id
907 4048 1015 4115 statim
1040 4048 1207 4130 profitear,
