2806 4896
567 447 848 533 sononia.
1161 445 1214 531 'os

194 645 288 728 igitur
311 645 342 706 io
362 650 563 728 testamento,
585 653 618 708 ut
641 646 666 709 si
688 645 767 708 iilius
779 661 853 707 -non
867 651 957 710 uatus
974 651 1056 709 essct
1073 642 1111 706 ad
1125 652 1214 707 acto·
1278 662 1281 672 .

194 766 265 812 res·
279 746 448 827 hereditas<
465 748 651 830 perueniret.
680 741 868 814 -Posuumus‘
885 749 1028 811 nasetur.
1083 747 1215 813 Actores

196 854 265 916 irati
287 852 391 916 dicunt
412 850 624 916 testamentum
649 848 790 915 illudat
822 840 973 914 avunculo
1003 854 1136 933 postumi
1164 854 1215 916 vei

196 956 255 1020 aiio
278 963 411 1036 cognato
433 955 626 1041 suppositum
644 971 724 1018 esse.
776 954 875 1019 Antea
897 954 1072 1036 Euphemus
1095 955 1214 1038 qnidam

195 1060 393 1124 hereditatem
415 1060 580 1139 petiverat:
603 1058 671 1141 hoo,
693 1060 720 1122 si
741 1066 957 1123 testamentum
979 1076 1043 1122 non
1057 1061 1214 1141 extitisset,

170 1232 173 1248 Ι
196 1163 303 1227 affines
324 1180 388 1226 non
410 1162 655 1244 impedivissent,
677 1179 747 1225 cnm
768 1161 808 1226 do
829 1145 998 1226 hereditate
1019 1162 1215 1227 linconen-⁴

195 1265 340 1329 tuendum
363 1271 447 1328 esset
467 1264 598 1347 (κλῆρος
620 1263 797 1348 aaronem
813 1264 883 1337 sed
903 1263 1092 1346 Euphemum
1116 1267 1216 1348 impe·-

195 1370 348 1451 diuerant,
370 1368 474 1449 itaque
495 1385 585 1432 suum
607 1365 760 1432 heredem
776 1375 883 1431 extare
913 1385 951 1430 ea
982 1368 1048 1449 ipsa
1077 1386 1114 1434 re
1136 1386 1215 1433 oon-

193 1473 423 1536 firmaverant.“¹
463 1469 511 1533 Ex
532 1469 591 1533 col.
617 1467 977 1553 ilamensi-discimus,
998 1472 1213 1539 necessitatem

194 1573 327 1657 aliquam
358 1575 571 1638 intercessisse
582 1571 754 1652 ‹Euphemo
787 1590 856 1636 cum
885 1573 1012 1636 muliere
1040 1573 1106 1655 illa,
1135 1593 1215 1655 quae

194 1676 347 1743 secundas
369 1677 492 1755 nuptias
517 1692 586 1737 cnm
609 1673 760 1755 Chanppo
783 1673 866 1758 iniit,
894 1671 1216 1759 Euphemnmquessilli

194 1779 337 1846 talentum
359 1777 485 1860 argenti·
500 1796 557 1859 pro
579 1777 654 1840 dote
676 1778 859 1860 donavisse,
878 1786 991 1842 tamen
1022 1780 1062 1844 iis·
1080 1798 1162 1860 quae
1183 1781 1215 1843 in

193 1892 280 1966 parta
297 1882 414 1966 ,priore
447 1881 592 1949 orationis
615 1880 661 1944 de
689 1880 848 1961 Euphemo
880 1880 961 1945 dicta
990 1891 1079 1946 erant
1108 1902 1217 1963 parum
1274 1941 1282 1955 .

193 1987 269 2050 lucis
288 1984 422 2066 affertur.
467 1984 527 2048 Sed
552 2001 757 2064 quaecunque
778 1983 856 2046 illius
878 1992 982 2063 partes
1003 1983 1140 2067 inerunt,
1162 1987 1216 2048 in-

193 2089 298 2155 cidunt
318 2090 350 2153 in
372 2088 411 2152 id·
425 2095 560 2170 tempus,
583 2086 666 2168 quod
684 2087 896 2166 interpriores
913 2094 945 2149 et
957 2087 1071 2151 alteras
1093 2089 1214 2167 nuptias

194 2182 327 2259 mulieris
348 2210 367 2255 a
386 2191 590 2274 Lycophrone
613 2197 778 2269 corruptae
799 2190 967 2252 interiacet.
1063 2180 1066 2184 ’

257 2293 448 2378 XV11‚1‚16
473 2286 658 2376 ἀπάγειν]
680 2290 875 2357 Boeckhiano
898 2290 1110 2373 supplemento
1123 2291 1216 2355 unice

194 2398 301 2463 fauere
321 2414 469 2480 papyrum
492 2395 630 2472 copiates
651 2397 738 2461 testis
759 2394 888 2461 affirmat
906 2395 1067 2476 Babinpto.
1127 2424 1155 2451 κ
1214 2423 1217 2431 ·

258 2501 345 2583 xvu,
375 2500 405 2582 2,
434 2499 475 2562 21
506 2492 666 2575 ταύταις
697 2511 783 2573 uolc
811 2491 1031 2582 διαθήκαις
1060 2497 1213 2585 ἰσχυρί-

194 2604 350 2698 ζεσθαι]
374 2605 489 2687 Confer
509 2605 547 2668 ad
570 2602 838 2685 orat'Euxenipp.
860 2623 890 2685 p.
917 2601 952 2686 4,
978 2601 1028 2667 14.
1075 2664 1079 2669 .
1228 2608 1230 2614 “

254 2719 562 2802 supponentem
584 2719 642 2781 cod.
675 2717 706 2779 1.
726 2717 756 2780 2.
799 2718 846 2779 Dc
866 2715 913 2780 his
935 2717 1046 2780 misere
1075 2717 1212 2781 muluati‘s

191 2821 298 2887 eadem
321 2823 479 2886 cantilena
492 2819 632 2884 iteranda
654 2827 710 2883 est.
752 2817 828 2881 Nam
843 2835 903 2880 non
921 2819 1024 2902 claret,
1042 2819 1115 2899 quid
1133 2820 1218 2897 haec

192 2926 230 2988 ad
258 2917 582 3010 Lymphaeum-'cx
613 2920 714 2984 col.2
745 2928 845 2985 autem
874 2920 935 2984 hoc
962 2928 1079 2984 tantum
1103 2922 1212 3002 colligi

190 3037 309 3114 potest,
330 3029 507 3094 Aristonem
531 3025 682 3108 quendam
706 3032 737 3089 et
752 3024 1042 3089 Theomnestumita
1057 3025 1211 3106 pepigisse

190 3133 270 3196 inter
291 3148 344 3215 se,
358 3140 392 3194 ut
414 3131 491 3193 altor
512 3129 598 3196 malis
620 3128 735 3193 artibus
761 3129 924 3210 pecuniam
953 3134 1150 3208 extorqueret
1173 3127 1219 3191 de·
1269 3128 1278 3178 s

190 3234 385 3318 hominihus,
421 3251 500 3316 quos
540 3231 589 3296 ille
624 3239 708 3295 metu
736 3232 923 3296 delationum
951 3239 1103 3314 terreret,
1136 3233 1212 3296 alter

189 3347 305 3405 servos
320 3347 478 3403 coemeret
498 3338 547 3400 illa
568 3337 717 3419 pecunia,
740 3354 820 3417 quos
841 3337 883 3400 ita
899 3337 1107 3400 mercenarios
1122 3336 1211 3399 loca-

188 3444 261 3527 bat,
281 3450 317 3508 ut
338 3443 376 3507 ad
399 3441 600 3510 architectum
619 3439 736 3505 dandis
758 3438 870 3522 aliquid
896 3441 993 3521 turpis
1016 3439 1211 3503 merceduloe

188 3545 316 3633 rediret.
670 3588 672 3592 ι
731 3592 737 3597 -
871 3567 885 3597 2
1027 3551 1029 3554 ’
1216 3631 1219 3638 .

253 3659 313 3723 col.
332 3654 395 3743 1;3
418 3650 482 3724 ded
505 3655 544 3722 si
565 3655 722 3739 Babingto·
736 3657 845 3739 posuit.
889 3646 999 3727 Quidni
1020 3649 1210 3735 deusdonae

186 3764 238 3827 uei
260 3763 384 3845 aiiqood
413 3762 480 3826 eius
510 3761 599 3823 verbi
627 3757 897 3826 inclinamentumt
941 3752 1209 3818 mandauerat.

186 3876 217 3931 et
239 3865 364 3946 reliquis
387 3863 543 3926 abstinere
565 3863 659 3935 satius
673 3866 748 3927 erit.
798 3859 912 3940 Ecquis
934 3859 1015 3920 enim
1038 3853 1210 3937 spondebit,

186 3977 218 4031 ut
241 3967 303 4031 hoc
324 3975 411 4046 utar,
432 3981 462 4044 p.
482 3962 524 4026 24
559 3965 617 4028 coi.
644 3966 672 4047 1,
695 3964 715 4026 2
748 3959 927 4035 Διονύσιος
955 3959 1086 4041 positum
1108 3955 1210 4022 'inisse

184 4072 222 4133 ab
241 4078 370 4136 auctore
392 4075 424 4131 ot
445 4064 510 4130 non
523 4066 580 4130 uel
602 4062 826 4147 inofficiamus!
837 4058 1008 4145 duohiotoc
1019 4060 1068 4124 vel
1089 4057 1205 4148 Ἀχερ-

185 4167 339 4254 do[doeoe
359 4171 409 4236 rei
422 4167 623 4251 nescioquod
638 4163 822 4230 vocabulum
836 4167 867 4230 in
880 4186 971 4242 ooaecc
987 4161 1209 4229 terminatum?

904 4279 924 4340 9
