2806 4896
141 429 233 499 ,ιιι
507 407 880 477 PRAEFATIO.

184 597 219 659 in
236 611 286 660 eo
313 608 446 675 quoquc
472 611 494 658 a
519 593 694 663 decessore
716 592 1041 660 mau.reoedendnm
1056 599 1139 672 urat,
1165 603 1217 676 nt,

186 731 262 779 oum
285 713 342 777 ille
372 717 498 777 textum
531 711 701 793 scriptoris
733 704 862 777 usitatis
895 712 980 794 typis
1016 728 1216 795 expressum

186 835 414 898 columnarum
441 833 545 896 instar
570 831 714 895 dedisset
744 864 791 880 ·-
818 832 863 896 ita
889 832 977 897 enim
1002 832 1133 899 insertis
1157 835 1217 900 lo-

186 951 238 1016 liis
263 952 480 1035 lithographie
512 952 606 1018 nullo
640 952 777 1032 negotio
811 970 832 1018 a
865 953 1048 1031 legentibus
1080 957 1215 1020 consuli

186 1077 330 1152 papyrus
355 1072 597 1154 etoomparari
623 1076 730 1154 potest
756 1104 827 1151 -,
857 1089 921 1153 ego
946 1074 1026 1138 aetla
1048 1074 1216 1142 haberem

187 1190 350 1256 columnis
385 1166 438 1256 ad*
451 1190 635 1272 marginem
670 1191 868 1256 exteriorem
895 1192 1030 1272 signatis
1062 1193 1217 1275 singulo-

189 1327 263 1380 rum
290 1325 445 1374 versuum
477 1310 559 1373 fines
593 1306 779 1380 interductu
813 1309 956 1375 lineolae
995 1311 1217 1392 distinfflere:

188 1443 267 1492 nam
291 1426 326 1492 id
351 1428 472 1508 negligi
497 1442 565 1493 non
591 1426 751 1507 debebat,
773 1429 934 1510 quoniam
958 1432 1009 1494 est
1029 1430 1086 1494 nbi
1108 1432 1215 1498 critici

191 1545 314 1616 referat
335 1547 478 1612 novisse.
541 1545 705 1629 Exemplo
730 1545 946 1628 Babingtonis
971 1553 1082 1613 antem
1107 1566 1216 1629 unae-

191 1684 322 1748 ennqne
347 1667 390 1732 de
415 1668 607 1734 coniectura
631 1669 785 1750 suppleta
809 1671 886 1732 aunt
914 1669 1022 1748 saepsi
1042 1671 1214 1735 concedis

190 1789 241 1853 his
267 1782 325 1877 [];
352 1805 491 1869 quarum
512 1794 623 1854 autem
648 1789 830 1853 litterarum
844 1787 969 1868 aliquid
982 1792 1093 1852 umen
1107 1785 1235 1855 resta-'

190 1912 242 1972 ret
267 1908 302 1971 in
327 1922 471 1989 papyro,
498 1908 587 1990 quod
610 1925 710 1992 saepe
727 1907 944 1990 perexiguum
971 1907 1127 1988 quiddam
1153 1917 1213 1988 est,

194 2047 255 2094 eae
277 2029 509 2095 minutioribus
536 2029 651 2096 formis
678 2033 835 2096 exaratae
861 2032 947 2092 sunt.
1040 2050 1044 2054 ·

268 2159 319 2224 lie
340 2160 455 2224 oodica
480 2161 554 2243 ipso
580 2161 754 2244 turmaque
779 2165 813 2224 et
829 2157 967 2223 materia
987 2160 1085 2238 atque
1102 2159 1216 2238 specie

192 2282 374 2354 litterarum
398 2283 608 2364 peccatisque
635 2283 759 2347 librarii
792 2294 976 2359 eorumque
1000 2278 1217 2343 correctioni-

192 2403 255 2464 bus
281 2400 360 2462 nihil
383 2401 497 2464 attinet
521 2400 616 2480 plura
635 2398 755 2478 dicere,
783 2411 858 2462 oum
877 2395 1089 2461 Harrisianae
1113 2398 1216 2477 partis

194 2515 356 2592 editores,
378 2530 520 2596 qnorum
542 2516 719 2597 seriptain
732 2516 880 2580 omnium
900 2514 1052 2580 manibus
1079 2528 1217 2579 amsan-

194 2640 265 2712 tur,
291 2635 369 2700 satis
392 2633 433 2699 de
459 2635 524 2699 illis
549 2635 660 2700 rebus·
674 2635 847 2700 videantur
870 2633 1004 2698 dixisse.
1054 2635 1159 2714 Quae·
1174 2650 1219 2697 eo

194 2755 303 2819 minus
323 2754 460 2835 recoqui
479 2755 703 2820 necessarium
721 2758 790 2832 est,
812 2769 889 2818 oum
901 2751 1041 2832 ‘potiora
1061 2750 1095 2815 in
1112 2752 1218 2816 eoho-

137 2969 142 2975 .
195 2874 247 2939 liis
273 2875 436 2956 attigerim
461 2875 660 2957 singillatim.
680 2873 785 2942 'iloc-
802 2877 930 2939 tantum
955 2871 1087 2938 addam.
1118 2873 1164 2939 l-Jt
1184 2874 1219 2937 in

195 3020 232 3067 re
257 3003 416 3083 singulari
441 3007 473 3067 at
495 3003 641 3068 editione
658 3019 765 3083 paene
779 3001 928 3084 principe
949 2998 1035 3064 morl
1055 2999 1220 3063 scribendi

197 3119 382 3195 vocabula,
409 3120 515 3198 qualis
540 3120 676 3184 saeculo
701 3121 828 3184 librarii
853 3124 886 3184 et
912 3119 1073 3201 proximis
1100 3119 1134 3182 in
1157 3134 1222 3182 usn

198 3238 277 3316 luit,
303 3238 417 3320 paullo
440 3239 587 3303 tenacius
622 3239 768 3316 inhaesi,
807 3241 865 3305 sed
896 3239 1076 3320 utaperus
1109 3243 1222 3304 tamen

199 3358 348 3439 lapsibus
380 3358 496 3422 oculos
528 3358 688 3423 lectorum
720 3359 843 3424 onenu
875 3358 1010 3422 coliem,
1078 3359 1128 3422 na
1150 3359 1222 3422 rota
1273 3331 1276 3336 ’

198 3477 417 3559 subscriptum
446 3509 492 3524 ·-
516 3478 694 3558 ascriptum
719 3479 811 3542 volni
832 3477 942 3541 dicere
965 3511 1016 3524 -
1040 3493 1142 3558 prave
1167 3477 1221 3539 vel

152 3619 156 3640 ²
200 3605 366 3689 additum:
383 3603 436 3666 vel
472 3603 632 3667 omissum
665 3603 699 3667 in
726 3591 955 3670 cicuitio,
977 3590 1122 3676 δημοσία
1150 3599 1221 3662 rell.

101 3791 106 3800 ,
201 3723 376 3804 perhorrui
411 3722 534 3804 pariter
563 3727 661 3804 atque
683 3701 808 3788 formas
831 3720 1007 3787 mendosas
1034 3736 1076 3784 ex
1103 3718 1223 3783 conin-

201 3841 295 3922 done
319 3861 361 3921 us
389 3863 416 3903 ε’
440 3854 505 3910 ete
536 3849 719 3927 vocalium,
760 3864 850 3928 quac·
879 3844 1051 3911 familiaris
1084 3840 1223 3906 librario

202 3978 272 4051 est,
309 3975 410 4037 ortas.
479 3974 599 4040 Verum
638 3973 910 4040 assimilationem
946 3971 1130 4036 litterarum
1167 3969 1220 4032 vel

203 4095 385 4175 neglectam
410 4097 525 4161 eontra
549 4094 819 4163 consuetudinem
838 4095 1012 4174 vulgarem
1028 4090 1079 4155 vel
1099 4087 1224 4154 admis-
