2806 4896
250 1147 320 1213 Post
345 1144 478 1232 pugnam
507 1147 759 1218 chaeronensem
791 1161 860 1207 cum
893 1142 1043 1226 Philippus
1073 1143 1201 1209 Macedo

168 1249 321 1332 Oropum
344 1253 450 1316 urbem
471 1272 540 1316 cam
564 1270 641 1334 agro
666 1269 745 1334 suo,
768 1268 848 1332 quae
864 1237 961 1334 urbs,
983 1251 1208 1332 utaitStrabo„

184 1356 222 1415 ἐν
243 1345 532 1444 ἀμφισβητησίμῳ
552 1350 724 1439 ἐγεγένητο
747 1346 909 1424 πολλάκις
930 1352 1010 1416 inter
1039 1352 1202 1418 Thebanos

184 1457 374 1534 potissimum
395 1465 427 1520 et
446 1456 667 1540 Athenienses,
694 1457 751 1520 iltis
779 1454 948 1536 ademptam
972 1456 1018 1521 his
1040 1457 1201 1522 adiudica-

183 1558 297 1641 -visset‚
331 1557 442 1622 factum
464 1559 569 1640 populi
600 1560 710 1622 scitum
740 1565 803 1641 est,
832 1556 940 1619 decem
969 1559 1066 1624 trihus
1095 1578 1203 1643 agrum

185 1660 266 1722 illum
294 1661 337 1725 ita
366 1662 447 1724 inter
475 1679 511 1725 se
541 1663 740 1744 sortirentur,
768 1667 802 1722 ut
827 1659 917 1722 binae
946 1661 1085 1742 singulos
1119 1670 1204 1726 sorte

186 1761 296 1827 ductos
327 1764 542 1844 possiderent:
574 1781 652 1846 ager
682 1763 763 1826 enim
796 1762 932 1842 quinque
960 1762 1081 1826 videtur
1108 1765 1205 1832 colles

186 1867 364 1948 complexus
384 1868 491 1932 fuisse.
532 1867 604 1931 litae
626 1868 754 1932 sortitae
773 1874 853 1930 sunt.
897 1867 1007 1932 Sedis
1028 1870 1128 1954 cottis,
1152 1874 1205 1954 qui

169 1969 331 2034 tribubus
348 1968 538 2034 Acamantidi
560 1979 592 2034 et
612 1968 865 2050 Hippothoontidi
886 1970 1053 2056 obtigerat,
1084 1974 1116 2036 in
1137 1974 1203 2038 dis-

186 2071 392 2152 ceptationem
413 2074 499 2136 venit
521 2081 643 2137 essetne
662 2073 730 2135 iure
753 2079 932 2153 occupatus.
965 2074 1101 2140 Fuerunt
1124 2079 1204 2141 enim

188 2176 240 2255 qui
260 2175 342 2239 illum
365 2175 426 2239 deo
449 2174 634 2264 Amphiarao
662 2174 833 2238 dedicatum
849 2206 851 2211 ⁴
865 2174 1066 2240 detenderent
1097 2170 1206 2243 cenna

187 2275 235 2341 tas
257 2295 275 2339 a
297 2278 436 2343 tribubus
456 2280 565 2341 teneri.
619 2275 705 2351 Quae
733 2273 937 2345 dubitationes
966 2287 999 2343 ut
1025 2281 1207 2346 tollerentur

187 2379 394 2462 religionique
415 2380 576 2446 satisfieret
597 2364 727 2461 populus
760 2379 820 2442 ciri
851 2379 971 2459 cuidam
995 2400 1074 2466 suoq
1097 2384 1206 2448 Euxe-
1268 2450 1269 2453 ,

187 2482 295 2566 nippe,
318 2485 385 2547 viro
408 2482 538 2549 honesto
563 2483 655 2564 eique
677 2482 762 2545 diviti
775 2478 807 2546 et
823 2491 886 2546 turn
902 2491 1001 2564 aetate
1016 2472 1207 2567 provectiori

186 2586 248 2649 hoc
270 2589 387 2676 negotii
409 2588 505 2670 dedit,
528 2593 562 2650 ut
584 2604 653 2649 cum
668 2586 796 2673 *ouoous
815 2587 880 2650 aliis
897 2587 928 2650 in
944 2585 1017 2652 iano
1031 2589 1207 2673 Amphiarai

188 2689 363 2773 incubaret,
396 2691 422 2754 si
451 2691 524 2772 quid
550 2708 608 2770 per
635 2705 774 2753 somnum
805 2687 970 2753 offerretur
1001 2693 1114 2776 visum,
1143 2685 1208 2776 quo=

188 2792 265 2855 deus
287 2794 353 2873 ipse
376 2795 507 2874 aperiret
529 2792 601 2873 quid
622 2791 670 2854 rei
691 2796 783 2854 esset.
836 2791 995 2857 Profectus
1025 2802 1071 2858 est
1098 2774 1205 2859 Euxe-

189 2897 314 2978 nippos‚
335 2896 478 2980 incubat,
512 2894 661 2959 somnium
693 2891 801 2956 reiett:
831 2901 966 2957 montem
998 2895 1059 2959 deo
1087 2914 1207 2960 sacrum

189 3017 248 3063 nec
270 3001 316 3064 fas
339 3018 409 3064 esse
429 3001 460 3062 in
481 3005 633 3081 potestate
655 2996 786 3060 tribuum
807 3015 998 3077 permanere.
1048 2993 1122 3062 Tum
1143 3000 1207 3062 Po·

188 3084 329 3184 tyeuctus
353 3098 535 3185 Cydantida',
558 3117 622 3164 non
643 3099 785 3182 ignobilis
807 3100 900 3188 homo
933 3108 963 3164 et
992 3090 1022 3163 in
1045 3100 1207 3183 ‘republica
1329 3144 1332 3150 ·

188 3212 351 3286 uersatus,
373 3205 564 3287 rogationem
587 3201 625 3264 ad
647 3201 767 3282 plebem
789 3202 871 3284 tulit,
904 3203 999 3268 tribus
1030 3211 1061 3267 ut
1090 3205 1207 3269 redde-

189 3313 261 3372 rent
282 3303 417 3371 montem
438 3305 643 3387 Amphiarao,
671 3304 782 3384 quippe
814 3305 865 3387 qui
894 3306 1108 3373 adiutoribus
1136 3317 1208 3373 ante

188 3411 382 3474 sortitionem
405 3416 564 3491 exemptus
587 3408 647 3470 deo
673 3414 705 3470 et
722 3417 921 3475 consecratus
937 3409 1038 3496 fuerit,
1060 3413 1208 3475 restitue-

188 3511 321 3593 rentque
349 3513 480 3594 pretium
516 3527 579 3592 quo
619 3509 835 3574 vendidissent.
888 3510 1010 3578 Addidit
1039 3514 1069 3574 in
1101 3512 1209 3575 eadem

189 3616 369 3698 rogatione,
392 3624 426 3679 ut
446 3614 584 3696 reliquae
607 3620 679 3676 octo
703 3613 798 3678 tribus
828 3613 938 3676 damno
962 3615 1088 3676 duarum
1112 3634 1209 3678 cave-

189 3726 261 3783 rent
282 3722 493 3800 sarcirentque
514 3709 583 3780 ittae
606 3715 688 3798 quod
716 3718 895 3782 amisissent.
949 3715 1026 3778 Huic
1048 3716 1214 3800 'Polyeucti'

189 3823 346 3904 rogationi
367 3822 541 3885 intercessit
562 3822 667 3884 nescio
689 3820 757 3902 quis
779 3817 869 3883 -is
895 3817 1028 3913 tortasse
1050 3821 1115 3900 ipse
1141 3822 1209 3906 Hy-

189 3925 316 4007 perides
330 3925 393 3989 >fuit
416 3961 457 3972 -
488 3925 608 3987 actione
636 3925 715 4006 legis
750 3923 829 3986 mate
857 3928 988 4003 rogatae
1020 3923 1211 4006 perfecitque

190 4039 226 4094 ut
247 4040 377 4113 rogator
397 4031 477 4122 tegis
499 4048 608 4094 caussa
632 4014 766 4094 caderet
778 4029 932 4111 multaque
955 4031 1210 4125 vigintiquinque

190 4133 406 4197 drachmarum
437 4126 620 4197 afficeretur.
651 4126 772 4207 buum
801 4128 1000 4196 calamitatem
1030 4120 1211 4216 Polyeuctus

905 4251 925 4310 5
