2806 4896
484 391 763 461 scflottn.
1083 384 1132 459 43

112 560 294 655 Λεωβότης
316 558 551 654 Ἀλκμαίωνος
571 567 805 657 Ἀγρυλῆθεν·
826 571 911 636 ἔνιοι
933 567 967 636 δὲ
989 569 1057 636 τῶν
1073 574 1132 656 ῥη-

111 663 219 754 τόρων
240 667 407 738 εἰώθεσαν
427 673 540 739 καλεῖν
561 673 617 740 καλ
639 671 681 740 τοί
705 668 755 759 μὴ
778 667 911 758 μεγοίλα
941 664 1133 756 ἀδικήματα

112 772 343 858 εἰσαγγελίαν·
376 767 501 842 ἔστιδ’
523 772 581 843 ὅτε
603 772 833 861 ἐμβάλλοντες
853 769 933 849 τούς
960 797 1133 858 συκοφαν-

111 876 298 960 τοαμίνοας
320 870 536 963 εἰσήγγειλαν,
558 875 603 955 ω”ς
624 882 691 963 μὲν
716 879 914 966 Φιλόχορος,
936 877 1051 966 χιλίων
1071 902 1133 943 κα-

111 980 318 1062 θεζομένων,
340 975 383 1053 τίς
403 980 438 1047 dd
460 978 686 1067 Δημήτριοςδ
707 976 900 1066 Φαληρεύς,
920 979 1032 1069 χιλίων
1049 1004 1133 1047 πεν-

111 1079 288 1149 τακοσίων.
309 1074 470 1157 κιίκεῑνοςΙ
482 1082 517 1150 δὲ
533 1079 643 1158 οὕτως
659 1079 821 1167 οίρίοατο·
845 1080 1033 1169 εἰσαγγελία
1045 1083 1133 1151 ἰοτλν

111 1176 228 1266 ὂπερί
262 1182 387 1249 καινῶν
414 1177 632 1268 ἀδικημάτων
665 1177 845 1251 δεδώκασιν
874 1178 1071 1273 ἀπενεγκεῖν
1101 1191 1134 1254 ολ

111 1282 225 1366 νόμοι.
268 1282 359 1349 Adde
380 1286 532 1350 Pollucem
555 1284 585 1369 8,
602 1284 653 1371 51,
676 1289 729 1369 qui
748 1287 932 1370 Hyperidem
955 1297 1026 1353 unte
1050 1307 1132 1355 σοα-

112 1385 160 1449 los
180 1385 300 1462 habuit:
335 1386 568 1474 ἦείοαγγελία
597 1390 755 1456 τέτακται
784 1391 840 1457 drot
872 1392 940 1458 των
972 1386 1134 1476 ἀγράφων
1162 1431 1165 1437 ⁷

111 1487 281 1571 δημοσίων
304 1486 520 1573 οίδικημοίτων
543 1485 627 1557 κατοί
651 1489 711 1558 κὸν
731 1485 843 1574 νόμον
873 1486 934 1559 τδν
961 1493 1132 1578 εἰσαγγελ-

110 1582 205 1656 τικόν
271 1642 278 1655 .
293 1640 321 1655 ..
344 1584 550 1677 (ἀμφοτέρως
576 1585 641 1677 γοίρ
671 1592 832 1678 λέγουσιν)
862 1591 899 1668 ὃς
926 1609 1031 1662 κεῖται

111 1694 187 1778 περί
212 1683 259 1760 ὧν
282 1689 344 1762 οὐκ
372 1695 433 1761 εἰολ
463 1693 584 1780 νόμοι,
619 1690 741 1764 α’δικων
768 1696 807 1764 δὲ
841 1720 893 1770 τις
919 1692 1132 1781 ιίλίσκεταιῆ

111 1789 218 1883 ἅρχων
240 1792 262 1880 ἢ
284 1795 412 1885 ῥήτωρ,
446 1801 496 1870 εἰς
518 1794 581 1881 τήν
612 1792 744 1883 βουλήν
779 1798 969 1884 εἰσαγγελία
1003 1797 1133 1866 δίδοται

111 1897 182 1962 κατ’
205 1892 327 1965 αὐτοῦ·
352 1892 417 1965 κοίν
439 1903 508 1983 μὲν
539 1900 660 1983 με’τρια
684 1889 808 1966 α’δικεῑν
837 1898 940 1986 δοκῄ,
969 1890 991 1984 ἦ
1023 1892 1133 1985 βοαλῆ

110 2013 255 2066 ποιεῖται
279 2001 399 2085 ζημίας
425 2003 612 2086 ἐπιβολήν,
644 1995 689 2067 οίν
714 2000 749 2069 dd
780 2002 900 2082 μείζω,
928 2000 1132 2086 παραδίδωσι

110 2100 329 2190 δικαστηρίῳ·
352 2097 390 2168 τὸ
413 2101 447 2168 δὲ
471 2101 619 2188 τίμημα,
640 2097 659 2170 ὅ
680 2128 714 2169 τι
735 2097 797 2190 χρὴ
820 2108 948 2170 παθεῖν
969 2098 990 2187 ἢ
1013 2101 1132 2168 α’ποτῐ-

109 2227 175 2270 σαι.
199 2206 351 2288 ἐγίνοντο
375 2202 411 2270 δὲ
433 2203 637 2288 εἰσαγγελίαι
668 2201 723 2268 καί
747 2195 831 2291 κατοί
855 2205 922 2268 τῶν
944 2201 1133 2271 καταλυόν-

109 2332 176 2375 των
203 2300 264 2373 τόν
286 2306 398 2390 δῆμον
429 2294 630 2393 ρητόρων-ἢ
658 2296 710 2390 μή
740 2297 781 2371 od
811 2299 929 2388 ἄριστα
959 2307 1004 2390 τῷ
1037 2303 1133 2392 δήμῳ

108 2407 297 2497 λεγόντων,
318 2405 344 2492 ἢ
362 2405 447 2494 πρὸς
470 2403 551 2482 τούς
570 2397 760 2494 πολεμίους
780 2402 866 2475 ε’ίνεν
886 2408 947 2475 τοῦ
964 2410 1132 2499 πεμφθῆ-

108 2537 167 2579 ναι
190 2503 428 2587 εἰσελθόντων,
456 2505 480 2595 ἢ
509 2500 707 2595 προδόντων
736 2506 897 2596 φρούριον
924 2501 1131 2605 ἢοτρατιοίν

107 2608 131 2696 ἢ
154 2612 259 2690 ναῦς,
280 2605 323 2686 τίς
345 2608 563 2696 Θεόφραστος
584 2613 622 2677 ἐν
649 2612 694 2699 τῷ
722 2610 801 2695 ,περί
830 2602 958 2695 νόμων.
1007 2612 1069 2677 cfr.
1092 2613 1132 2678 ud

108 2724 184 2780 oret.
206 2733 262 2797 pro
284 2714 433 2798 Lycophr.
454 2714 658 2796 prooemium.
926 2708 928 2713 ’

173 2827 204 2913 4,
227 2827 267 2893 19
290 2820 459 2909 τούτου]
482 2817 627 2910 πότερον
645 2823 738 2892 ἰστίν
756 2817 780 2908 ἦ
798 2818 987 2921 ἀντιγραφή
1009 2833 1044 2893 ἐκ
1067 2828 1130 2895 τῶν

107 2930 225 3016 νόμων
246 2924 268 3014 ἢ
289 2924 350 3013 μή·
569 3018 572 3023 1

173 3029 203 3128 4,
226 3045 268 3108 20
290 3039 312 3128 ἢ
331 3037 463 3124 ὅπως]
486 3040 674 3105 defoderunt
696 3038 846 3104 editorem
873 3039 983 3104 ductus
1009 3037 1131 3121 oodiois,

109 3169 178 3214 oum
202 3145 224 3232 ἢ
246 3143 298 3214 ὅτι
315 3140 357 3220 οἷς
372 3147 430 3212 sibi
443 3147 552 3231 legere
567 3144 739 3208 ridebatur.
776 3143 869 3206 ‚Nune
884 3161 924 3208 ne
938 3143 1005 3225 quis
1021 3141 1129 3209 εἰοίω-

110 3277 165 3321 σιν
187 3250 361 3335 desideret,
381 3253 512 3315 rerbum
535 3249 605 3331 εἰμι
625 3255 751 3330 propter
773 3247 833 3310 vim
860 3247 992 3312 futuram
1020 3247 1129 3329 sequi-

109 3364 159 3420 tur
181 3362 364 3421 structuram
386 3362 558 3436 temporum
579 3351 751 3415 futurorum
771 3357 839 3432 post
860 3345 972 3428 ὅπως,
992 3358 1025 3414 ut
1050 3349 1130 3431 apud

107 3458 342 3541 Xenophontem
364 3449 516 3535 ἐκέλευον
540 3456 779 3540 παραγγεῖλαι,
801 3449 949 3527 ὅπωςείς
964 3443 1007 3518 τοί
1028 3474 1131 3534 orno-

107 3558 234 3629 τόπεδα
267 3561 386 3646 μηδείς
416 3561 564 3627 εἴσεισιν.
617 3555 791 3622 Orationem
831 3556 906 3639 περί
943 3553 1011 3620 τῶν
1049 3544 1132 3630 πρὸς

107 3661 184 3745 ’'Ad-
209 3671 311 3733 nond.
327 3685 363 3747 p.
374 3662 435 3726 211
458 3653 588 3726 'contulit
608 3663 776 3746 Babingto:
799 3659 897 3740 οἶμαι
920 3650 1021 3722 οὐδὲν
1042 3648 1132 3722 οὕτω

14 3842 17 3846 ,
109 3779 180 3841 τοίς
203 3764 537 3850 δημοκρατουμένοις
560 3766 704 3850 πρέπειν
732 3758 774 3837 νίς
797 3760 870 3843 περλ
901 3751 940 3822 od
970 3758 1045 3823 ἴσον
1077 3757 1131 3824 καί
1227 3774 1230 3778 ’

107 3863 147 3935 κδ
188 3868 320 3935 δίκαιον
356 3862 569 3947 σπουδάζειν.
626 3867 695 3931 Alia
730 3860 949 3931 eiusdemmodi
984 3860 1063 3924 dicto
1101 3879 1131 3926 v.

110 3974 192 4057 apud
210 3974 420 4057 ¹Hermnnnum
441 3971 566 4053 Antiqq.
589 3971 671 4053 publ.
684 3950 746 4044 ¹66,
772 3969 792 4031 2
817 3973 847 4030 et
872 3963 942 4048 113,
964 3964 994 4028 5.

175 4089 205 4171 t,
227 4087 270 4151 23
292 4080 398 4170 ὑπὲρ
420 4080 609 4157 οίποίντων
642 4134 648 4149 .
674 4080 824 4165 ..περί
858 4071 1030 4149 ἕκαστον
1060 4068 1131 4144 ου’-
