2806 4896
469 436 747 513 senonia,
1069 438 1117 514 53

98 632 217 707 σχοῖεν.
261 619 308 683 [lx
328 621 507 686 Damoxeno
531 625 651 688 comico
672 621 815 687 lleinekii
840 622 899 687 vol.
923 622 970 687 tv.
1002 640 1030 704 p.
1054 623 1117 688 532

100 742 195 786 versu
217 722 259 787 67
282 714 355 789 oo'd’
378 719 422 791 ἄν
443 728 540 812 ἑτέρῳ
572 727 712 811 δοίησαν
741 727 928 808 comparavit
956 727 1117 809 Babingto.

168 823 217 908 15,
250 827 264 886 l
294 821 686 911 δυοκρινόμενος]
723 830 959 910 συκοφαντῶν,
989 830 1120 895 lidenter

99 927 244 1007 rescripsi
281 928 364 1008 quod
398 931 550 993 sententia
582 930 748 1013 flagitabat.
807 931 959 996 Librarius
992 940 1026 997 ut
1056 951 1120 997 non

99 1046 173 1091 raro
197 1029 312 1111 aliquot
332 1030 466 1114 litteras,
490 1031 519 1095 h.
541 1032 560 1096 l.
583 1057 631 1099 υπ
653 1033 798 1115 neglexit.

145 1129 194 1215 15,
217 1134 238 1196 2
260 1133 389 1205 κακῶς
410 1132 504 1216 ἐμοὶ
529 1134 658 1208 δοκεῖς
679 1135 852 1218 εἰδέναι]
876 1136 918 1199 Ita
937 1135 1121 1220 maluitllp-

99 1234 222 1316 perides
256 1234 397 1297 oratione
428 1242 554 1315 praeter
590 1255 675 1317 spem
705 1237 743 1300 ad
779 1238 878 1318 ipsum
912 1237 1121 1303 aduersarium

100 1352 254 1398 conversa
277 1353 368 1418 quam
389 1334 477 1402 δοκεῖ
488 1329 700 1412 Πολύευκτος
710 1340 856 1403 seribere.
902 1340 1044 1405 Similiter
1058 1359 1122 1405 non

98 1459 172 1505 raro
197 1449 348 1505 oratores.
392 1441 539 1523 Babingto
561 1445 664 1517 κακῶς
687 1445 813 1512 εἰδέναι
834 1463 932 1526 prope
954 1445 1034 1510 idem
1051 1463 1122 1510 esse

100 1542 186 1626 quod
208 1537 341 1626 ἀγνοεῖν
363 1542 453 1607 docet
473 1544 563 1608 allato
584 1544 733 1626 Harpoor.
755 1564 781 1611 s.
803 1565 833 1610 v.
857 1549 985 1620 κακῶς
1016 1546 1124 1615 εἰδό·

99 1663 183 1719 τις·
213 1641 291 1710 dest
322 1644 387 1711 τοῦ
417 1641 634 1731 ἀγνοοῦντες·
664 1639 857 1730 Ἰσοκράτης
887 1651 961 1732 περὶ
991 1641 1124 1732 εἰρήνης

102 1749 131 1834 §.
156 1748 206 1830 32,
230 1747 382 1830 idemque,
405 1747 431 1812 si
454 1756 502 1812 est
523 1748 691 1831 Isocrates,
715 1750 801 1830 epist.
826 1750 847 1812 7
868 1770 898 1833 p.
921 1750 993 1815 422.
1035 1750 1123 1815 Adde

101 1851 337 1932 Xenophontem
360 1849 472 1932 Cprop.
504 1850 539 1933 lt,
569 1850 599 1934 3,
623 1849 664 1913 13
693 1853 797 1924 κακῶς
828 1848 953 1927 εἰδότες
983 1850 1036 1921 ὅτι
1067 1854 1122 1921 καὶ

100 1947 200 2039 ἡμεῖς
221 1949 291 2018 ond
312 1952 504 2034 κρείσσονος
524 1947 725 2020 διδασκάλου
747 1952 1020 2031 πεπαιδεύμεθα.

167 2048 1125 2140 15,3οἶῖῖ’οῖδίκαιοιεοῡεαγινώσκοοσιπάν-

103 2159 180 2243 σεε]
211 2159 255 2223 lta
284 2158 384 2221 locum
415 2155 565 2238 Bobingto
593 2157 825 2221 reconcinnavit
855 2159 886 2219 in
917 2158 1123 2242 Corrigendis,

104 2282 173 2327 cunr
195 2265 226 2325 in
249 2269 337 2325 textu
360 2261 427 2340 ipso
460 2263 493 2325 οἱ
519 2250 552 2324 δ’
573 2249 758 2344 Ἀθηναῖοι
786 2263 895 2327 νουσα
927 2255 1124 2346 γινώσκουσι

102 2359 233 2440 πάντες
255 2361 405 2445 dedisset,
439 2360 523 2442 quod
544 2378 603 2424 neo
625 2364 777 2426 sententia
799 2364 864 2443 ipsa
892 2362 953 2427 fert
974 2370 1004 2427 et
1025 2381 1043 2426 a
1064 2381 1124 2444 pa-

100 2467 171 2548 pyri
192 2466 365 2529 testimonio
388 2463 684 2527 commendationem
707 2483 769 2528 non
791 2465 893 2529 habet.
935 2465 969 2528 ln
986 2484 1025 2531 eo
1043 2468 1124 2530 enim

99 2572 140 2633 ab
163 2570 247 2631 initio
271 2586 384 2636 versus
404 2585 525 2630 -nam
538 2575 609 2648 post
628 2568 821 2636 Πολύευκτε
843 2587 953 2635 versus
974 2574 1123 2635 termina-

101 2683 211 2738 tur-
234 2700 255 2740 α
279 2691 459 2755 comparere
482 2681 514 2735 et
535 2680 606 2735 ante
629 2697 697 2738 αιοι
719 2673 882 2737 litteramu
904 2681 1035 2738 testatur
1054 2675 1125 2738 edi-

100 2786 159 2841 tor.
205 2776 319 2840 Amare
349 2775 519 2858 Hyperides
547 2768 612 2856 τὴν
640 2768 774 2840 ἀδικίαν
798 2774 966 2838 adversarii
994 2778 1124 2859 sugillat.

101 2883 207 2948 Statim
228 2889 299 2962 post
319 2881 470 2960 Babingto
503 2877 656 2959 peccavit,
689 2896 758 2940 cum
779 2895 844 2941 non
866 2879 962 2955 ἐκεῖ,
993 2880 1049 2942 sed
1072 2877 1125 2947 ὅτι

100 2987 262 3068 supplevit.
305 2986 422 3064 Nempe
445 2984 497 3064 qui
520 2982 591 3045 iusti
621 2988 692 3045 sunt
719 3016 763 3030 -
790 2981 907 3045 iudices
936 2982 1123 3062 potissimum

99 3090 239 3172 intelligit
262 3121 305 3133 -
327 3093 442 3150 norunt
463 3086 658 3167 Polpeuotum
686 3086 798 3149 iniuste
819 3083 941 3147 faeere:
962 3103 1035 3147 nam
1053 3084 1125 3149 nihil

102 3199 187 3256 extat
208 3190 292 3272 quod
316 3208 385 3253 eum
407 3189 653 3270 magnanimitate
682 3187 878 3252 Atheniensis
905 3187 1002 3268 plebis
1033 3207 1125 3252 oom-

100 3295 204 3376 parari
225 3293 339 3375 possit,
362 3310 442 3374 quae
463 3291 563 3356 soleat
584 3292 701 3356 civibus
723 3291 854 3372 maligne
876 3293 996 3355 vexatis
1018 3292 1123 3357 subsi-

100 3398 154 3462 dio
169 3401 294 3460 adesse.
316 3429 360 3440 -
380 3396 468 3459 Ναοο
490 3403 591 3458 tamen
610 3394 761 3476 Babingto
794 3394 826 3456 in
852 3395 960 3458 litteris
986 3395 1123 3477 affirmat,

99 3519 138 3566 se
160 3499 291 3563 eredere
312 3522 364 3565 ονε
386 3500 417 3561 in
439 3515 575 3580 papyro,
598 3498 685 3563 ouius
707 3505 805 3563 totum
837 3496 919 3560 hune
939 3497 1041 3560 locum
1062 3499 1122 3558 mi-

99 3604 282 3683 crosoopioe
319 3603 504 3684 inspexerit,
545 3611 661 3667 extare.
721 3602 752 3668 Si
780 3601 810 3665 id
845 3603 887 3664 ita
919 3607 982 3681 est,
1017 3593 1123 3664 διότι

100 3707 222 3771 mallem
245 3705 444 3788 scripsissem.

168 3807 217 3893 15,
241 3807 261 3870 4
284 3803 378 3874 οὔτε
400 3804 609 3894 μόναρχος
631 3804 708 3874 οὔτ’
730 3807 871 3888 ἔθνος]
894 3806 1021 3888 regilius
1045 3808 1121 3870 bau·-

98 3914 184 3979 ltaris
206 3914 343 3976 civitates
365 3912 479 3977 liberas
493 3912 606 3994 iungit,
627 3932 656 3975 v.
667 3914 850 3992 interpretes
869 3910 907 3972 ad
919 3909 1039 3977 Sallust.
1057 3910 1121 3975 Cat.

100 4015 190 4100 10,1.
211 4016 655 4097 Scripturamamerepositem
664 4015 695 4076 in
706 4015 772 4094 ipso
781 4012 897 4097 papyro
905 4014 1121 4078 extare'video.

167 4124 248 4211 15,e
276 4123 442 4199 Τίσιδος
457 4119 1122 4208 aod'Aypoip'deu]Homoobseurus;
