<?xml version="1.0" encoding="UTF-8"?>
<!DOCTYPE html PUBLIC "-//W3C//DTD XHTML 1.0 Transitional//EN"
    "http://www.w3.org/TR/xhtml1/DTD/xhtml1-transitional.dtd">
<html xmlns="http://www.w3.org/1999/xhtml" xml:lang="en" lang="en">
 <head>
  <title>
</title>
<meta http-equiv="Content-Type" content="text/html;charset=utf-8" />
  <meta name='ocr-system' content='tesseract 3.04.00' />
  <meta name='ocr-capabilities' content='ocr_page ocr_carea ocr_par ocr_line ocrx_word'/>
</head>
<body>
  <div class='ocr_page' id='page_1' title='image "./hyperidisoratio00babigoog_0080.png"; bbox 0 0 2806 4896; ppageno 0'>
   <div class='ocr_carea' id='block_1_1' title="bbox 464 381 1115 472">
    <p class='ocr_par' dir='ltr' id='par_1_1' title="bbox 464 381 1115 472">
     <span class='ocr_line' id='line_1_1' title="bbox 464 381 1115 472; baseline 0.003 -20"><span class='ocrx_word' id='word_1_1' title='bbox 464 386 744 472; x_wconf 71' lang='lat' dir='ltr'><strong>senecta.</strong></span> <span class='ocrx_word' id='word_1_2' title='bbox 1067 381 1115 454; x_wconf 80' lang='lat'><strong>45</strong></span> 
     </span>
    </p>
   </div>
   <div class='ocr_carea' id='block_1_2' title="bbox 98 555 1121 4179">
    <p class='ocr_par' dir='ltr' id='par_1_2' title="bbox 99 555 1121 1052">
     <span class='ocr_line' id='line_1_2' title="bbox 99 555 1118 649; baseline 0.006 -25"><span class='ocrx_word' id='word_1_3' title='bbox 99 555 229 645; x_wconf 76' lang='grc' dir='ltr'><strong><em>διίιαγε·</em></strong></span> <span class='ocrx_word' id='word_1_4' title='bbox 259 566 296 629; x_wconf 76' lang='grc' dir='ltr'><strong>ἐν</strong></span> <span class='ocrx_word' id='word_1_5' title='bbox 321 563 443 649; x_wconf 78' lang='grc' dir='ltr'><strong><em>χιλίαις</em></strong></span> <span class='ocrx_word' id='word_1_6' title='bbox 477 556 509 630; x_wconf 82' lang='grc' dir='ltr'><strong>δ’</strong></span> <span class='ocrx_word' id='word_1_7' title='bbox 540 560 557 628; x_wconf 84' lang='grc' dir='ltr'>ὁ</span> <span class='ocrx_word' id='word_1_8' title='bbox 590 563 755 638; x_wconf 77' lang='grc' dir='ltr'><strong><em>κίνδυνος.</em></strong></span> <span class='ocrx_word' id='word_1_9' title='bbox 794 561 1053 648; x_wconf 75' lang='grc' dir='ltr'><strong><em>ἀσθενέστερος,</em></strong></span> <span class='ocrx_word' id='word_1_10' title='bbox 1074 565 1118 630; x_wconf 85' lang='grc' dir='ltr'><strong>εἶ·</strong></span> 
     </span>
     <span class='ocr_line' id='line_1_3' title="bbox 100 659 1121 752; baseline -0.003 -18"><span class='ocrx_word' id='word_1_11' title='bbox 100 675 170 734; x_wconf 64' lang='grc' dir='ltr'><strong>τοῖς</strong></span> <span class='ocrx_word' id='word_1_12' title='bbox 193 659 352 752; x_wconf 78' lang='grc' dir='ltr'><strong><em>ἄρχουσιν</em></strong></span> <span class='ocrx_word' id='word_1_13' title='bbox 373 669 515 751; x_wconf 76' lang='grc' dir='ltr'><strong><em>ἐφηγοῦ·</em></strong></span> <span class='ocrx_word' id='word_1_14' title='bbox 539 667 640 733; x_wconf 71' lang='grc' dir='ltr'><strong><em>τοῦτο</em></strong></span> <span class='ocrx_word' id='word_1_15' title='bbox 656 661 858 747; x_wconf 75' lang='grc' dir='ltr'><strong><em>ποιήσουσιν</em></strong></span> <span class='ocrx_word' id='word_1_16' title='bbox 869 669 998 731; x_wconf 79' lang='grc' dir='ltr'><strong><em>ἐκεῖνοι.</em></strong></span> <span class='ocrx_word' id='word_1_17' title='bbox 1021 668 1121 749; x_wconf 80' lang='grc' dir='ltr'><strong><em>φοβεῖ</em></strong></span> 
     </span>
     <span class='ocr_line' id='line_1_4' title="bbox 100 764 1120 852; baseline 0.007 -26"><span class='ocrx_word' id='word_1_18' title='bbox 100 765 155 828; x_wconf 76' lang='grc' dir='ltr'><strong>καὶ</strong></span> <span class='ocrx_word' id='word_1_19' title='bbox 179 767 301 833; x_wconf 83' lang='grc' dir='ltr'><strong><em>τούτο·</em></strong></span> <span class='ocrx_word' id='word_1_20' title='bbox 335 764 477 852; x_wconf 74' lang='grc' dir='ltr'><strong><em>γράφον.</em></strong></span> <span class='ocrx_word' id='word_1_21' title='bbox 510 768 725 850; x_wconf 73' lang='grc' dir='ltr'><strong><em>καταμέμφει</em></strong></span> <span class='ocrx_word' id='word_1_22' title='bbox 756 766 897 835; x_wconf 73' lang='grc' dir='ltr'><strong><em>σεαυτοῦ</em></strong></span> <span class='ocrx_word' id='word_1_23' title='bbox 927 767 980 832; x_wconf 78' lang='grc' dir='ltr'><strong>καλ</strong></span> <span class='ocrx_word' id='word_1_24' title='bbox 1016 768 1120 850; x_wconf 75' lang='grc' dir='ltr'><strong><em>πένης</em></strong></span> 
     </span>
     <span class='ocr_line' id='line_1_5' title="bbox 100 858 1121 956; baseline 0.006 -28"><span class='ocrx_word' id='word_1_25' title='bbox 100 860 145 930; x_wconf 75' lang='grc' dir='ltr'><strong>αλκ</strong></span> <span class='ocrx_word' id='word_1_26' title='bbox 169 864 226 931; x_wconf 81' lang='grc' dir='ltr'><strong>οὐκ</strong></span> <span class='ocrx_word' id='word_1_27' title='bbox 249 862 294 934; x_wconf 77' lang='grc' dir='ltr'><strong>οἳν</strong></span> <span class='ocrx_word' id='word_1_28' title='bbox 317 875 405 956; x_wconf 82' lang='grc' dir='ltr'><strong><em>ε”χοις</em></strong></span> <span class='ocrx_word' id='word_1_29' title='bbox 425 871 536 956; x_wconf 79' lang='grc' dir='ltr'><strong><em>χιλίας</em></strong></span> <span class='ocrx_word' id='word_1_30' title='bbox 550 875 701 943; x_wconf 67' lang='grc' dir='ltr'><strong><em>ἐκτῖσαι·</em></strong></span> <span class='ocrx_word' id='word_1_31' title='bbox 735 866 869 948; x_wconf 78' lang='grc' dir='ltr'><strong><em>δικάζου</em></strong></span> <span class='ocrx_word' id='word_1_32' title='bbox 890 871 1016 954; x_wconf 75' lang='grc' dir='ltr'><strong><em>κλοπῆς</em></strong></span> <span class='ocrx_word' id='word_1_33' title='bbox 1037 858 1121 954; x_wconf 72' lang='grc' dir='ltr'><strong><em>ατρὸς</em></strong></span> 
     </span>
     <span class='ocr_line' id='line_1_6' title="bbox 100 963 907 1052; baseline 0.017 -24"><span class='ocrx_word' id='word_1_34' title='bbox 100 964 292 1052; x_wconf 73' lang='grc' dir='ltr'><strong><em>διαιτητήν,</em></strong></span> <span class='ocrx_word' id='word_1_35' title='bbox 315 972 367 1036; x_wconf 78' lang='grc' dir='ltr'><strong>καλ</strong></span> <span class='ocrx_word' id='word_1_36' title='bbox 393 963 433 1051; x_wconf 76' lang='grc' dir='ltr'><strong>ὀὐ</strong></span> <span class='ocrx_word' id='word_1_37' title='bbox 456 965 691 1041; x_wconf 71' lang='grc' dir='ltr'><strong><em>κινδυνεύσεις·</em></strong></span> <span class='ocrx_word' id='word_1_38' title='bbox 902 1042 907 1049; x_wconf 80' lang='grc'>,</span> 
     </span>
    </p>

    <p class='ocr_par' dir='ltr' id='par_1_3' title="bbox 99 1068 1121 1885">
     <span class='ocr_line' id='line_1_7' title="bbox 168 1068 1119 1163; baseline -0.005 -20"><span class='ocrx_word' id='word_1_39' title='bbox 168 1073 196 1155; x_wconf 82' lang='grc'><strong>5,</strong></span> <span class='ocrx_word' id='word_1_40' title='bbox 214 1071 253 1136; x_wconf 82' lang='lat'><strong>17</strong></span> <span class='ocrx_word' id='word_1_41' title='bbox 277 1070 499 1159; x_wconf 78' lang='grc' dir='ltr'><strong><em>ἑταιρικὸν</em></strong></span> <span class='ocrx_word' id='word_1_42' title='bbox 523 1068 759 1163; x_wconf 62' lang='grc' dir='ltr'><strong><em>συναγάγῃ]</em></strong></span> <span class='ocrx_word' id='word_1_43' title='bbox 771 1075 817 1139; x_wconf 90' lang='lat' dir='ltr'><strong>De</strong></span> <span class='ocrx_word' id='word_1_44' title='bbox 828 1076 1005 1156; x_wconf 68' lang='lat' dir='ltr'><strong>denuntiate</strong></span> <span class='ocrx_word' id='word_1_45' title='bbox 1024 1094 1119 1158; x_wconf 88' lang='lat' dir='ltr'><strong>prac-</strong></span> 
     </span>
     <span class='ocr_line' id='line_1_8' title="bbox 101 1175 1121 1261; baseline 0.004 -24"><span class='ocrx_word' id='word_1_46' title='bbox 101 1181 149 1239; x_wconf 86' lang='lat' dir='ltr'><strong>lcr</strong></span> <span class='ocrx_word' id='word_1_47' title='bbox 183 1177 374 1261; x_wconf 85' lang='lat' dir='ltr'><strong>llruegerum</strong></span> <span class='ocrx_word' id='word_1_48' title='bbox 399 1179 525 1260; x_wconf 80' lang='lat' dir='ltr'><strong>Dionys.</strong></span> <span class='ocrx_word' id='word_1_49' title='bbox 556 1175 736 1258; x_wconf 84' lang='lat' dir='ltr'><strong>Histcricgr.</strong></span> <span class='ocrx_word' id='word_1_50' title='bbox 768 1197 796 1259; x_wconf 89' lang='lat' dir='ltr'><strong>p.</strong></span> <span class='ocrx_word' id='word_1_51' title='bbox 821 1177 884 1241; x_wconf 82' lang='lat'><strong>363</strong></span> <span class='ocrx_word' id='word_1_52' title='bbox 906 1197 973 1260; x_wconf 88' lang='lat' dir='ltr'><strong>sqq.</strong></span> <span class='ocrx_word' id='word_1_53' title='bbox 1004 1178 1121 1241; x_wconf 87' lang='lat' dir='ltr'><strong>consuli</strong></span> 
     </span>
     <span class='ocr_line' id='line_1_9' title="bbox 100 1279 1120 1367; baseline 0.004 -26"><span class='ocrx_word' id='word_1_54' title='bbox 100 1286 203 1359; x_wconf 87' lang='lat' dir='ltr'><strong>polest</strong></span> <span class='ocrx_word' id='word_1_55' title='bbox 224 1279 259 1344; x_wconf 88' lang='lat' dir='ltr'><strong>H.</strong></span> <span class='ocrx_word' id='word_1_56' title='bbox 282 1281 473 1367; x_wconf 24' lang='lat' dir='ltr'><strong>Buettnerus,</strong></span> <span class='ocrx_word' id='word_1_57' title='bbox 488 1283 519 1343; x_wconf 92' lang='lat' dir='ltr'><strong>in</strong></span> <span class='ocrx_word' id='word_1_58' title='bbox 541 1280 673 1361; x_wconf 83' lang='lat' dir='ltr'><strong>eleganti</strong></span> <span class='ocrx_word' id='word_1_59' title='bbox 693 1280 794 1343; x_wconf 89' lang='lat' dir='ltr'><strong>libello</strong></span> <span class='ocrx_word' id='word_1_60' title='bbox 818 1280 856 1344; x_wconf 91' lang='lat' dir='ltr'><strong>de</strong></span> <span class='ocrx_word' id='word_1_61' title='bbox 879 1281 1120 1364; x_wconf 85' lang='lat' dir='ltr'><strong>historinpcliti·</strong></span> 
     </span>
     <span class='ocr_line' id='line_1_10' title="bbox 100 1383 1119 1466; baseline 0.004 -24"><span class='ocrx_word' id='word_1_62' title='bbox 100 1396 205 1443; x_wconf 79' lang='lat' dir='ltr'><strong>carum</strong></span> <span class='ocrx_word' id='word_1_63' title='bbox 240 1383 561 1465; x_wconf 81' lang='lat' dir='ltr'><strong>hetaeriarum&#39;apud</strong></span> <span class='ocrx_word' id='word_1_64' title='bbox 594 1383 801 1448; x_wconf 81' lang='lat' dir='ltr'><strong>Athenienses</strong></span> <span class='ocrx_word' id='word_1_65' title='bbox 833 1383 951 1466; x_wconf 84' lang='lat' dir='ltr'><strong>Lipsiae</strong></span> <span class='ocrx_word' id='word_1_66' title='bbox 980 1404 1006 1446; x_wconf 92' lang='lat' dir='ltr'><strong>a.</strong></span> <span class='ocrx_word' id='word_1_67' title='bbox 1036 1383 1119 1448; x_wconf 79' lang='lat'>1840</span> 
     </span>
     <span class='ocr_line' id='line_1_11' title="bbox 102 1480 1119 1575; baseline 0.004 -28"><span class='ocrx_word' id='word_1_68' title='bbox 102 1485 194 1550; x_wconf 89' lang='lat' dir='ltr'><strong>edito.</strong></span> <span class='ocrx_word' id='word_1_69' title='bbox 240 1487 320 1549; x_wconf 82' lang='lat' dir='ltr'><strong>Cum</strong></span> <span class='ocrx_word' id='word_1_70' title='bbox 339 1480 656 1567; x_wconf 76' lang='lat' dir='ltr'><strong>dicticue¹llyperidis</strong></span> <span class='ocrx_word' id='word_1_71' title='bbox 683 1485 738 1549; x_wconf 86' lang='lat' dir='ltr'><strong>cfr.</strong></span> <span class='ocrx_word' id='word_1_72' title='bbox 759 1486 919 1575; x_wconf 86' lang='lat' dir='ltr'><strong>¹Plutarchi</strong></span> <span class='ocrx_word' id='word_1_73' title='bbox 946 1487 1076 1569; x_wconf 78' lang='lat' dir='ltr'><strong>Lysand.</strong></span> <span class='ocrx_word' id='word_1_74' title='bbox 1100 1489 1119 1551; x_wconf 93' lang='lat'>5</span> 
     </span>
     <span class='ocr_line' id='line_1_12' title="bbox 102 1583 1120 1673; baseline -0.001 -22"><span class='ocrx_word' id='word_1_75' title='bbox 102 1585 300 1671; x_wconf 79' lang='grc' dir='ltr'><strong><em>παροξύνων</em></strong></span> <span class='ocrx_word' id='word_1_76' title='bbox 327 1583 480 1673; x_wconf 80' lang='grc' dir='ltr'><strong><em>ἑταιρικδ</em></strong></span> <span class='ocrx_word' id='word_1_77' title='bbox 517 1587 742 1654; x_wconf 72' lang='grc' dir='ltr'><strong><em>συνίστασθαι</em></strong></span> <span class='ocrx_word' id='word_1_78' title='bbox 764 1596 795 1651; x_wconf 88' lang='lat' dir='ltr'><strong>et</strong></span> <span class='ocrx_word' id='word_1_79' title='bbox 815 1589 873 1651; x_wconf 90' lang='lat' dir='ltr'><strong>Dio</strong></span> <span class='ocrx_word' id='word_1_80' title='bbox 895 1588 980 1652; x_wconf 85' lang='lat' dir='ltr'><strong>Cass.</strong></span> <span class='ocrx_word' id='word_1_81' title='bbox 1004 1588 1055 1672; x_wconf 80' lang='lat'><strong>37,</strong></span> <span class='ocrx_word' id='word_1_82' title='bbox 1079 1590 1120 1651; x_wconf 84' lang='lat'><strong>57</strong></span> 
     </span>
     <span class='ocr_line' id='line_1_13' title="bbox 99 1684 1120 1774; baseline 0.001 -20"><span class='ocrx_word' id='word_1_83' title='bbox 99 1687 411 1774; x_wconf 77' lang='grc' dir='ltr'><strong><em>ουμφρονηοοὶνιισν</em></strong></span> <span class='ocrx_word' id='word_1_84' title='bbox 432 1690 571 1756; x_wconf 74' lang='grc' dir='ltr'><strong><em>ἐκείνων</em></strong></span> <span class='ocrx_word' id='word_1_85' title='bbox 589 1686 707 1756; x_wconf 65' lang='lat' dir='ltr'><strong>achad</strong></span> <span class='ocrx_word' id='word_1_86' title='bbox 730 1684 880 1773; x_wconf 72' lang='grc' dir='ltr'><strong><em>ἑταιρικά</em></strong></span> <span class='ocrx_word' id='word_1_87' title='bbox 909 1692 1001 1774; x_wconf 74' lang='grc' dir='ltr'><strong><em>σφῶν</em></strong></span> <span class='ocrx_word' id='word_1_88' title='bbox 1029 1687 1120 1774; x_wconf 59' lang='lat' dir='ltr'><strong>cinte-</strong></span> 
     </span>
     <span class='ocr_line' id='line_1_14' title="bbox 101 1788 909 1885; baseline 0.004 -29"><span class='ocrx_word' id='word_1_89' title='bbox 101 1788 259 1876; x_wconf 78' lang='grc' dir='ltr'><strong><em>λόγησαν.</em></strong></span> <span class='ocrx_word' id='word_1_90' title='bbox 660 1881 663 1885; x_wconf 13' lang='grc' dir='ltr'><strong>Δ</strong></span> <span class='ocrx_word' id='word_1_91' title='bbox 907 1873 909 1879; x_wconf 27' lang='grc' dir='ltr'>Ι</span> 
     </span>
    </p>

    <p class='ocr_par' dir='ltr' id='par_1_4' title="bbox 98 1894 1120 3015">
     <span class='ocr_line' id='line_1_15' title="bbox 165 1894 1050 1986; baseline 0.006 -25"><span class='ocrx_word' id='word_1_92' title='bbox 165 1898 196 1981; x_wconf 89' lang='grc'><strong>6,</strong></span> <span class='ocrx_word' id='word_1_93' title='bbox 218 1898 238 1962; x_wconf 88' lang='grc'>4</span> <span class='ocrx_word' id='word_1_94' title='bbox 261 1903 297 1966; x_wconf 84' lang='grc' dir='ltr'><strong>εἰ</strong></span> <span class='ocrx_word' id='word_1_95' title='bbox 320 1898 397 1974; x_wconf 79' lang='grc' dir='ltr'><strong>τοὶς</strong></span> <span class='ocrx_word' id='word_1_96' title='bbox 419 1904 498 1986; x_wconf 76' lang='grc' dir='ltr'><strong><em>,ιιὲν</em></strong></span> <span class='ocrx_word' id='word_1_97' title='bbox 521 1894 650 1983; x_wconf 74' lang='grc' dir='ltr'><strong><em>τιμοές</em></strong></span> <span class='ocrx_word' id='word_1_98' title='bbox 679 1900 1050 1986; x_wconf 74' lang='grc' dir='ltr'><strong><em>καλτιλςαῖφελιάς</em></strong></span> 
     </span>
     <span class='ocr_line' id='line_1_16' title="bbox 102 2004 1120 2089; baseline 0.005 -23"><span class='ocrx_word' id='word_1_99' title='bbox 102 2005 380 2086; x_wconf 76' lang='grc' dir='ltr'><strong><em>καρποῦνται</em></strong></span> <span class='ocrx_word' id='word_1_100' title='bbox 403 2004 501 2086; x_wconf 80' lang='grc' dir='ltr'><strong><em>κτλ]</em></strong></span> <span class='ocrx_word' id='word_1_101' title='bbox 524 2004 623 2086; x_wconf 89' lang='lat' dir='ltr'><strong>Haec,</strong></span> <span class='ocrx_word' id='word_1_102' title='bbox 646 2011 762 2067; x_wconf 89' lang='lat' dir='ltr'><strong>utnon</strong></span> <span class='ocrx_word' id='word_1_103' title='bbox 784 2024 855 2069; x_wconf 86' lang='lat' dir='ltr'><strong>raro</strong></span> <span class='ocrx_word' id='word_1_104' title='bbox 876 2006 927 2089; x_wconf 89' lang='lat' dir='ltr'><strong>lit,</strong></span> <span class='ocrx_word' id='word_1_105' title='bbox 948 2008 1120 2071; x_wconf 87' lang='lat' dir='ltr'><strong>inserviunt</strong></span> 
     </span>
     <span class='ocr_line' id='line_1_17' title="bbox 101 2092 1120 2199; baseline 0.007 -31"><span class='ocrx_word' id='word_1_106' title='bbox 101 2106 260 2172; x_wconf 84' lang='lat' dir='ltr'><strong>dilatandis</strong></span> <span class='ocrx_word' id='word_1_107' title='bbox 284 2114 313 2170; x_wconf 93' lang='lat' dir='ltr'><strong>et</strong></span> <span class='ocrx_word' id='word_1_108' title='bbox 335 2107 507 2171; x_wconf 81' lang='lat' dir='ltr'><strong>accuratius</strong></span> <span class='ocrx_word' id='word_1_109' title='bbox 529 2107 715 2199; x_wconf 72' lang='lat' dir='ltr'><strong>explicandis</strong></span> <span class='ocrx_word' id='word_1_110' title='bbox 737 2109 946 2189; x_wconf 86' lang='lat' dir='ltr'><strong>superioribus</strong></span> <span class='ocrx_word' id='word_1_111' title='bbox 967 2092 1070 2174; x_wconf 78' lang='lat' dir='ltr'><strong>uerbis</strong></span> <span class='ocrx_word' id='word_1_112' title='bbox 1090 2115 1120 2175; x_wconf 84' lang='grc' dir='ltr'><strong>εἰ</strong></span> 
     </span>
     <span class='ocr_line' id='line_1_18' title="bbox 101 2202 1120 2294; baseline 0.001 -19"><span class='ocrx_word' id='word_1_113' title='bbox 101 2209 205 2276; x_wconf 81' lang='grc' dir='ltr'><strong><em>ἄλλον</em></strong></span> <span class='ocrx_word' id='word_1_114' title='bbox 229 2204 305 2276; x_wconf 69' lang='lat' dir='ltr'><strong>cecc?</strong></span> <span class='ocrx_word' id='word_1_115' title='bbox 328 2208 463 2294; x_wconf 73' lang='grc' dir='ltr'><strong>,τρόπον</strong></span> <span class='ocrx_word' id='word_1_116' title='bbox 492 2205 552 2275; x_wconf 82' lang='grc' dir='ltr'><strong>τὸν</strong></span> <span class='ocrx_word' id='word_1_117' title='bbox 581 2202 691 2291; x_wconf 81' lang='grc' dir='ltr'><strong><em>νόμον</em></strong></span> <span class='ocrx_word' id='word_1_118' title='bbox 721 2212 847 2277; x_wconf 78' lang='grc' dir='ltr'><strong><em>τοῦτον</em></strong></span> <span class='ocrx_word' id='word_1_119' title='bbox 875 2218 1012 2278; x_wconf 81' lang='grc' dir='ltr'><strong><em>ἔθεσθε.</em></strong></span> <span class='ocrx_word' id='word_1_120' title='bbox 1059 2213 1120 2276; x_wconf 85' lang='lat' dir='ltr'><strong>Sed</strong></span> 
     </span>
     <span class='ocr_line' id='line_1_19' title="bbox 104 2294 1120 2407; baseline 0.005 -33"><span class='ocrx_word' id='word_1_121' title='bbox 104 2313 255 2376; x_wconf 86' lang='lat' dir='ltr'><strong>sententia</strong></span> <span class='ocrx_word' id='word_1_122' title='bbox 278 2322 312 2377; x_wconf 92' lang='lat' dir='ltr'><strong>ut</strong></span> <span class='ocrx_word' id='word_1_123' title='bbox 334 2312 371 2376; x_wconf 88' lang='lat' dir='ltr'><strong>ad</strong></span> <span class='ocrx_word' id='word_1_124' title='bbox 394 2305 530 2377; x_wconf 84' lang='lat' dir='ltr'><strong>nestrum</strong></span> <span class='ocrx_word' id='word_1_125' title='bbox 553 2294 669 2375; x_wconf 82' lang='lat' dir='ltr'><strong>tuorem</strong></span> <span class='ocrx_word' id='word_1_126' title='bbox 691 2313 837 2407; x_wconf 71' lang='lat' dir='ltr'><strong>loquendi</strong></span> <span class='ocrx_word' id='word_1_127' title='bbox 858 2315 1031 2400; x_wconf 86' lang='lat' dir='ltr'><strong>redigatur,</strong></span> <span class='ocrx_word' id='word_1_128' title='bbox 1054 2308 1120 2399; x_wconf 79' lang='lat' dir='ltr'><strong>ily-</strong></span> 
     </span>
     <span class='ocr_line' id='line_1_20' title="bbox 102 2416 1120 2501; baseline 0.007 -22"><span class='ocrx_word' id='word_1_129' title='bbox 102 2417 226 2497; x_wconf 85' lang='lat' dir='ltr'><strong>perides</strong></span> <span class='ocrx_word' id='word_1_130' title='bbox 249 2418 326 2481; x_wconf 90' lang='lat' dir='ltr'><strong>male</strong></span> <span class='ocrx_word' id='word_1_131' title='bbox 346 2436 440 2482; x_wconf 89' lang='lat' dir='ltr'><strong>sanos</strong></span> <span class='ocrx_word' id='word_1_132' title='bbox 463 2417 535 2480; x_wconf 91' lang='lat' dir='ltr'><strong>dicit</strong></span> <span class='ocrx_word' id='word_1_133' title='bbox 555 2416 775 2500; x_wconf 83' lang='lat' dir='ltr'><strong>Athenienses,</strong></span> <span class='ocrx_word' id='word_1_134' title='bbox 797 2420 822 2481; x_wconf 92' lang='lat' dir='ltr'><strong>si</strong></span> <span class='ocrx_word' id='word_1_135' title='bbox 849 2419 950 2501; x_wconf 83' lang='lat' dir='ltr'><strong>legem</strong></span> <span class='ocrx_word' id='word_1_136' title='bbox 972 2422 1012 2483; x_wconf 89' lang='lat' dir='ltr'><strong>ita</strong></span> <span class='ocrx_word' id='word_1_137' title='bbox 1039 2423 1120 2486; x_wconf 89' lang='lat' dir='ltr'><strong>scis-</strong></span> 
     </span>
     <span class='ocr_line' id='line_1_21' title="bbox 100 2519 1117 2606; baseline 0.005 -24"><span class='ocrx_word' id='word_1_138' title='bbox 100 2528 188 2602; x_wconf 84' lang='lat' dir='ltr'><strong>sent,</strong></span> <span class='ocrx_word' id='word_1_139' title='bbox 212 2529 245 2583; x_wconf 91' lang='lat' dir='ltr'><strong>ut</strong></span> <span class='ocrx_word' id='word_1_140' title='bbox 266 2539 334 2583; x_wconf 88' lang='lat' dir='ltr'><strong>cum</strong></span> <span class='ocrx_word' id='word_1_141' title='bbox 355 2521 472 2584; x_wconf 77' lang='lat' dir='ltr'><strong>fructus</strong></span> <span class='ocrx_word' id='word_1_142' title='bbox 496 2536 602 2589; x_wconf 84' lang='lat' dir='ltr'><strong>omnes</strong></span> <span class='ocrx_word' id='word_1_143' title='bbox 626 2527 657 2585; x_wconf 90' lang='lat' dir='ltr'><strong>ct</strong></span> <span class='ocrx_word' id='word_1_144' title='bbox 676 2519 816 2585; x_wconf 88' lang='lat' dir='ltr'><strong>honores</strong></span> <span class='ocrx_word' id='word_1_145' title='bbox 836 2523 875 2585; x_wconf 89' lang='lat' dir='ltr'><strong>ad</strong></span> <span class='ocrx_word' id='word_1_146' title='bbox 889 2531 1028 2589; x_wconf 81' lang='lat' dir='ltr'><strong>crateres</strong></span> <span class='ocrx_word' id='word_1_147' title='bbox 1040 2543 1117 2606; x_wconf 86' lang='lat' dir='ltr'><strong>per-</strong></span> 
     </span>
     <span class='ocr_line' id='line_1_22' title="bbox 98 2623 1116 2706; baseline 0.004 -19"><span class='ocrx_word' id='word_1_148' title='bbox 98 2624 245 2706; x_wconf 87' lang='lat' dir='ltr'><strong>tinerent,</strong></span> <span class='ocrx_word' id='word_1_149' title='bbox 268 2624 403 2706; x_wconf 89' lang='lat' dir='ltr'><strong>pericula</strong></span> <span class='ocrx_word' id='word_1_150' title='bbox 421 2626 529 2686; x_wconf 82' lang='lat' dir='ltr'><strong>ineos</strong></span> <span class='ocrx_word' id='word_1_151' title='bbox 552 2623 604 2703; x_wconf 87' lang='lat' dir='ltr'><strong>qui</strong></span> <span class='ocrx_word' id='word_1_152' title='bbox 627 2639 688 2684; x_wconf 89' lang='lat' dir='ltr'><strong>nou</strong></span> <span class='ocrx_word' id='word_1_153' title='bbox 712 2631 817 2687; x_wconf 86' lang='lat' dir='ltr'><strong>essent</strong></span> <span class='ocrx_word' id='word_1_154' title='bbox 840 2633 980 2690; x_wconf 85' lang='lat' dir='ltr'><strong>oratores</strong></span> <span class='ocrx_word' id='word_1_155' title='bbox 1001 2637 1116 2691; x_wconf 88' lang='lat' dir='ltr'><strong>contu-</strong></span> 
     </span>
     <span class='ocr_line' id='line_1_23' title="bbox 99 2721 1119 2813; baseline 0.007 -25"><span class='ocrx_word' id='word_1_156' title='bbox 99 2728 214 2792; x_wconf 85' lang='lat' dir='ltr'><strong>lissenl.</strong></span> <span class='ocrx_word' id='word_1_157' title='bbox 258 2727 379 2791; x_wconf 83' lang='lat' dir='ltr'><strong>Poterat</strong></span> <span class='ocrx_word' id='word_1_158' title='bbox 400 2728 493 2810; x_wconf 81' lang='lat' dir='ltr'><strong>igitur</strong></span> <span class='ocrx_word' id='word_1_159' title='bbox 517 2724 625 2788; x_wconf 84' lang='lat' dir='ltr'><strong>scribi:</strong></span> <span class='ocrx_word' id='word_1_160' title='bbox 655 2729 685 2789; x_wconf 91' lang='grc' dir='ltr'><strong>εἰ</strong></span> <span class='ocrx_word' id='word_1_161' title='bbox 713 2721 1119 2813; x_wconf 75' lang='grc' dir='ltr'><strong><em>τῶνρηκόρωνκαριιου-</em></strong></span> 
     </span>
     <span class='ocr_line' id='line_1_24' title="bbox 98 2824 1120 2912; baseline -0.002 -18"><span class='ocrx_word' id='word_1_162' title='bbox 98 2832 213 2912; x_wconf 77' lang='grc' dir='ltr'><strong><em>μένον</em></strong></span> <span class='ocrx_word' id='word_1_163' title='bbox 331 2824 534 2911; x_wconf 73' lang='grc' dir='ltr'><strong><em>ἀνεθήκατε.</em></strong></span> <span class='ocrx_word' id='word_1_164' title='bbox 581 2825 641 2890; x_wconf 87' lang='lat' dir='ltr'><strong>Sed</strong></span> <span class='ocrx_word' id='word_1_165' title='bbox 664 2844 738 2890; x_wconf 92' lang='lat' dir='ltr'><strong>usus</strong></span> <span class='ocrx_word' id='word_1_166' title='bbox 756 2832 804 2890; x_wconf 86' lang='lat' dir='ltr'><strong>est</strong></span> <span class='ocrx_word' id='word_1_167' title='bbox 825 2834 1037 2892; x_wconf 79' lang='lat' dir='ltr'><strong>orator-more</strong></span> <span class='ocrx_word' id='word_1_168' title='bbox 1060 2848 1120 2892; x_wconf 86' lang='lat' dir='ltr'><strong>ve-</strong></span> 
     </span>
     <span class='ocr_line' id='line_1_25' title="bbox 99 2928 640 3015; baseline -0.007 -22"><span class='ocrx_word' id='word_1_169' title='bbox 99 2939 197 2994; x_wconf 88' lang='lat' dir='ltr'><strong>terum</strong></span> <span class='ocrx_word' id='word_1_170' title='bbox 222 2928 405 3015; x_wconf 78' lang='grc' dir='ltr'><strong><em>τιαρατοὶξει</em></strong></span> <span class='ocrx_word' id='word_1_171' title='bbox 427 2930 640 2993; x_wconf 84' lang='lat' dir='ltr'><strong>membrorum.</strong></span> 
     </span>
    </p>

    <p class='ocr_par' dir='ltr' id='par_1_5' title="bbox 99 3036 1119 3654">
     <span class='ocr_line' id='line_1_26' title="bbox 167 3036 1116 3139; baseline 0.004 -31"><span class='ocrx_word' id='word_1_172' title='bbox 167 3045 197 3129; x_wconf 90' lang='grc'><strong>6,</strong></span> <span class='ocrx_word' id='word_1_173' title='bbox 220 3045 241 3108; x_wconf 85' lang='grc'><strong>6</strong></span> <span class='ocrx_word' id='word_1_174' title='bbox 263 3041 459 3126; x_wconf 81' lang='grc' dir='ltr'><strong><em>ἰδιώταις]</em></strong></span> <span class='ocrx_word' id='word_1_175' title='bbox 477 3043 625 3139; x_wconf 71' lang='lat' dir='ltr'><strong>Bahingtc</strong></span> <span class='ocrx_word' id='word_1_176' title='bbox 641 3040 729 3135; x_wconf 78' lang='lat' dir='ltr'><strong>effert</strong></span> <span class='ocrx_word' id='word_1_177' title='bbox 748 3042 866 3126; x_wconf 81' lang='lat' dir='ltr'>p.14‚5</span> <span class='ocrx_word' id='word_1_178' title='bbox 883 3036 1018 3129; x_wconf 80' lang='grc' dir='ltr'><strong><em>ἰδιώτην</em></strong></span> <span class='ocrx_word' id='word_1_179' title='bbox 1033 3042 1116 3112; x_wconf 80' lang='grc' dir='ltr'><strong><em>ὄντα</em></strong></span> 
     </span>
     <span class='ocr_line' id='line_1_27' title="bbox 101 3143 1119 3237; baseline 0.001 -21"><span class='ocrx_word' id='word_1_180' title='bbox 101 3152 225 3235; x_wconf 82' lang='grc' dir='ltr'><strong><em>κρίνεις</em></strong></span> <span class='ocrx_word' id='word_1_181' title='bbox 247 3154 283 3216; x_wconf 80' lang='grc' dir='ltr'><strong>ἐν</strong></span> <span class='ocrx_word' id='word_1_182' title='bbox 304 3152 348 3234; x_wconf 76' lang='grc' dir='ltr'><strong>τι]</strong></span> <span class='ocrx_word' id='word_1_183' title='bbox 369 3153 430 3216; x_wconf 77' lang='grc' dir='ltr'><strong>τοῦ</strong></span> <span class='ocrx_word' id='word_1_184' title='bbox 458 3146 606 3237; x_wconf 70' lang='grc' dir='ltr'><strong><em>ῥήτορος</em></strong></span> <span class='ocrx_word' id='word_1_185' title='bbox 622 3143 711 3223; x_wconf 80' lang='grc' dir='ltr'><strong><em>τάξει</em></strong></span> <span class='ocrx_word' id='word_1_186' title='bbox 744 3155 773 3210; x_wconf 93' lang='lat' dir='ltr'><strong>et</strong></span> <span class='ocrx_word' id='word_1_187' title='bbox 800 3157 876 3212; x_wconf 83' lang='lat' dir='ltr'><strong>crat.</strong></span> <span class='ocrx_word' id='word_1_188' title='bbox 906 3150 936 3212; x_wconf 91' lang='lat' dir='ltr'><strong>in</strong></span> <span class='ocrx_word' id='word_1_189' title='bbox 962 3151 1119 3217; x_wconf 87' lang='lat' dir='ltr'><strong>Demcslh.</strong></span> 
     </span>
     <span class='ocr_line' id='line_1_28' title="bbox 100 3248 1118 3342; baseline 0.005 -24"><span class='ocrx_word' id='word_1_190' title='bbox 100 3253 165 3339; x_wconf 86' lang='grc'><strong>8,]</strong></span> <span class='ocrx_word' id='word_1_191' title='bbox 191 3249 271 3323; x_wconf 82' lang='grc' dir='ltr'><strong>οδδὲ</strong></span> <span class='ocrx_word' id='word_1_192' title='bbox 291 3251 323 3342; x_wconf 78' lang='grc' dir='ltr'><strong>γ’</strong></span> <span class='ocrx_word' id='word_1_193' title='bbox 342 3252 465 3341; x_wconf 76' lang='grc' dir='ltr'><strong><em>ὁμοίαις</em></strong></span> <span class='ocrx_word' id='word_1_194' title='bbox 487 3251 663 3323; x_wconf 79' lang='grc' dir='ltr'><strong><em>οἷδικοῠσιν</em></strong></span> <span class='ocrx_word' id='word_1_195' title='bbox 687 3258 719 3319; x_wconf 86' lang='grc' dir='ltr'><strong>οἱ</strong></span> <span class='ocrx_word' id='word_1_196' title='bbox 740 3253 870 3341; x_wconf 77' lang='grc' dir='ltr'><strong><em>ἰδιῶται</em></strong></span> <span class='ocrx_word' id='word_1_197' title='bbox 892 3248 1058 3340; x_wconf 78' lang='grc' dir='ltr'><strong><em>λαβόντες</em></strong></span> <span class='ocrx_word' id='word_1_198' title='bbox 1079 3254 1118 3323; x_wconf 77' lang='grc' dir='ltr'><strong>τὸ</strong></span> 
     </span>
     <span class='ocr_line' id='line_1_29' title="bbox 99 3353 1118 3447; baseline 0 -22"><span class='ocrx_word' id='word_1_199' title='bbox 99 3360 236 3445; x_wconf 77' lang='grc' dir='ltr'><strong><em>χρυσίον</em></strong></span> <span class='ocrx_word' id='word_1_200' title='bbox 268 3360 323 3426; x_wconf 81' lang='grc' dir='ltr'><strong>καλ</strong></span> <span class='ocrx_word' id='word_1_201' title='bbox 355 3364 386 3426; x_wconf 84' lang='grc' dir='ltr'><strong>οἱ</strong></span> <span class='ocrx_word' id='word_1_202' title='bbox 414 3353 549 3447; x_wconf 72' lang='grc' dir='ltr'><strong><em>ῥήτορες</em></strong></span> <span class='ocrx_word' id='word_1_203' title='bbox 570 3358 624 3424; x_wconf 80' lang='grc' dir='ltr'><strong>καλ</strong></span> <span class='ocrx_word' id='word_1_204' title='bbox 656 3361 688 3422; x_wconf 88' lang='grc' dir='ltr'><strong>οἱ</strong></span> <span class='ocrx_word' id='word_1_205' title='bbox 718 3359 907 3441; x_wconf 77' lang='grc' dir='ltr'><strong><em>στρατηγοί.</em></strong></span> <span class='ocrx_word' id='word_1_206' title='bbox 946 3357 1118 3425; x_wconf 82' lang='lat' dir='ltr'><strong>Aeschines</strong></span> 
     </span>
     <span class='ocr_line' id='line_1_30' title="bbox 99 3457 1117 3546; baseline 0.005 -22"><span class='ocrx_word' id='word_1_207' title='bbox 99 3461 249 3525; x_wconf 85' lang='lat' dir='ltr'><strong>Timarch.</strong></span> <span class='ocrx_word' id='word_1_208' title='bbox 272 3464 302 3529; x_wconf 83' lang='lat'><strong>7.</strong></span> <span class='ocrx_word' id='word_1_209' title='bbox 324 3463 389 3545; x_wconf 82' lang='lat' dir='ltr'><strong>p.2</strong></span> <span class='ocrx_word' id='word_1_210' title='bbox 411 3457 454 3529; x_wconf 82' lang='grc' dir='ltr'><strong>οδ</strong></span> <span class='ocrx_word' id='word_1_211' title='bbox 476 3457 586 3546; x_wconf 81' lang='grc' dir='ltr'><strong><em>μόνον</em></strong></span> <span class='ocrx_word' id='word_1_212' title='bbox 607 3458 681 3544; x_wconf 76' lang='grc' dir='ltr'><strong>περὶ</strong></span> <span class='ocrx_word' id='word_1_213' title='bbox 702 3461 769 3526; x_wconf 80' lang='grc' dir='ltr'><strong>τῶν</strong></span> <span class='ocrx_word' id='word_1_214' title='bbox 791 3459 937 3533; x_wconf 79' lang='grc' dir='ltr'><strong><em>ἰδιωτῶν,</em></strong></span> <span class='ocrx_word' id='word_1_215' title='bbox 959 3457 1043 3528; x_wconf 81' lang='grc' dir='ltr'><strong><em>οἷλλολ</em></strong></span> <span class='ocrx_word' id='word_1_216' title='bbox 1062 3463 1117 3529; x_wconf 82' lang='grc' dir='ltr'><strong>καλ</strong></span> 
     </span>
     <span class='ocr_line' id='line_1_31' title="bbox 100 3563 1116 3654; baseline -0.001 -24"><span class='ocrx_word' id='word_1_217' title='bbox 100 3567 177 3649; x_wconf 67' lang='grc' dir='ltr'><strong>περὶ</strong></span> <span class='ocrx_word' id='word_1_218' title='bbox 192 3568 258 3633; x_wconf 81' lang='grc' dir='ltr'><strong>τῶν</strong></span> <span class='ocrx_word' id='word_1_219' title='bbox 278 3564 435 3654; x_wconf 83' lang='grc' dir='ltr'><strong><em>ῥητόρων.</em></strong></span> <span class='ocrx_word' id='word_1_220' title='bbox 457 3564 533 3628; x_wconf 87' lang='lat' dir='ltr'><strong>vide</strong></span> <span class='ocrx_word' id='word_1_221' title='bbox 543 3563 743 3629; x_wconf 86' lang='lat' dir='ltr'><strong>Schccmaun.</strong></span> <span class='ocrx_word' id='word_1_222' title='bbox 759 3563 797 3626; x_wconf 90' lang='lat' dir='ltr'><strong>de</strong></span> <span class='ocrx_word' id='word_1_223' title='bbox 812 3564 911 3627; x_wconf 88' lang='lat' dir='ltr'><strong>comit.</strong></span> <span class='ocrx_word' id='word_1_224' title='bbox 926 3563 994 3626; x_wconf 86' lang='lat' dir='ltr'><strong>Alh.</strong></span> <span class='ocrx_word' id='word_1_225' title='bbox 1007 3581 1036 3643; x_wconf 86' lang='lat' dir='ltr'><strong>p.</strong></span> <span class='ocrx_word' id='word_1_226' title='bbox 1046 3563 1116 3630; x_wconf 80' lang='lat'>109.</span> 
     </span>
    </p>

    <p class='ocr_par' dir='ltr' id='par_1_6' title="bbox 100 3666 1117 3965">
     <span class='ocr_line' id='line_1_32' title="bbox 131 3666 1117 3757; baseline 0.004 -21"><span class='ocrx_word' id='word_1_227' title='bbox 131 3674 134 3679; x_wconf 84' lang='grc'><strong>’</strong></span> <span class='ocrx_word' id='word_1_228' title='bbox 166 3674 197 3757; x_wconf 89' lang='grc'><strong>6,</strong></span> <span class='ocrx_word' id='word_1_229' title='bbox 217 3674 237 3737; x_wconf 82' lang='grc'>7</span> <span class='ocrx_word' id='word_1_230' title='bbox 259 3666 473 3757; x_wconf 69' lang='grc' dir='ltr'><strong><em>ἀνδρεῖος]</em></strong></span> <span class='ocrx_word' id='word_1_231' title='bbox 496 3675 576 3738; x_wconf 88' lang='lat' dir='ltr'><strong>idem</strong></span> <span class='ocrx_word' id='word_1_232' title='bbox 599 3673 665 3738; x_wconf 83' lang='lat' dir='ltr'><strong>lere</strong></span> <span class='ocrx_word' id='word_1_233' title='bbox 686 3674 716 3738; x_wconf 86' lang='lat' dir='ltr'><strong>h.</strong></span> <span class='ocrx_word' id='word_1_234' title='bbox 739 3674 758 3736; x_wconf 94' lang='lat' dir='ltr'><strong>l.</strong></span> <span class='ocrx_word' id='word_1_235' title='bbox 795 3673 876 3754; x_wconf 91' lang='lat' dir='ltr'><strong>quod</strong></span> <span class='ocrx_word' id='word_1_236' title='bbox 899 3672 1042 3755; x_wconf 78' lang='grc' dir='ltr'><strong>θρασύς,</strong></span> <span class='ocrx_word' id='word_1_237' title='bbox 1060 3678 1117 3741; x_wconf 90' lang='lat' dir='ltr'><strong>sed</strong></span> 
     </span>
     <span class='ocr_line' id='line_1_33' title="bbox 100 3776 1116 3860; baseline 0.006 -18"><span class='ocrx_word' id='word_1_238' title='bbox 100 3780 244 3860; x_wconf 84' lang='lat' dir='ltr'><strong>praetulit</strong></span> <span class='ocrx_word' id='word_1_239' title='bbox 272 3787 374 3843; x_wconf 87' lang='lat' dir='ltr'><strong>orator</strong></span> <span class='ocrx_word' id='word_1_240' title='bbox 402 3781 543 3844; x_wconf 88' lang='lat' dir='ltr'><strong>consulto</strong></span> <span class='ocrx_word' id='word_1_241' title='bbox 569 3780 668 3844; x_wconf 82' lang='lat' dir='ltr'><strong>lenius</strong></span> <span class='ocrx_word' id='word_1_242' title='bbox 699 3776 883 3841; x_wconf 88' lang='lat' dir='ltr'><strong>vccabulum</strong></span> <span class='ocrx_word' id='word_1_243' title='bbox 914 3786 1041 3860; x_wconf 84' lang='lat' dir='ltr'><strong>prepter</strong></span> <span class='ocrx_word' id='word_1_244' title='bbox 1069 3776 1116 3848; x_wconf 65' lang='grc' dir='ltr'><strong>εἰὲ</strong></span> 
     </span>
     <span class='ocr_line' id='line_1_34' title="bbox 101 3878 265 3965; baseline 0.012 -17"><span class='ocrx_word' id='word_1_245' title='bbox 101 3878 265 3965; x_wconf 61' lang='lat' dir='ltr'><strong>cucanea:</strong></span> 
     </span>
    </p>

    <p class='ocr_par' dir='ltr' id='par_1_7' title="bbox 99 3981 1118 4179">
     <span class='ocr_line' id='line_1_35' title="bbox 166 3981 1118 4075; baseline 0.003 -21"><span class='ocrx_word' id='word_1_246' title='bbox 166 3991 197 4074; x_wconf 87' lang='grc'><strong>6,</strong></span> <span class='ocrx_word' id='word_1_247' title='bbox 222 3989 261 4055; x_wconf 88' lang='grc'><strong>16</strong></span> <span class='ocrx_word' id='word_1_248' title='bbox 285 3988 540 4075; x_wconf 72' lang='grc' dir='ltr'><strong><em>ἀφελέσθαι]</em></strong></span> <span class='ocrx_word' id='word_1_249' title='bbox 563 3989 664 4054; x_wconf 88' lang='lat' dir='ltr'><strong>Paullo</strong></span> <span class='ocrx_word' id='word_1_250' title='bbox 691 3994 762 4050; x_wconf 83' lang='lat' dir='ltr'><strong>ante</strong></span> <span class='ocrx_word' id='word_1_251' title='bbox 791 3981 926 4070; x_wconf 71' lang='lat' dir='ltr'><strong>deal-ain</strong></span> <span class='ocrx_word' id='word_1_252' title='bbox 948 3991 1015 4057; x_wconf 77' lang='grc' dir='ltr'><strong>τῶν</strong></span> <span class='ocrx_word' id='word_1_253' title='bbox 1036 4014 1118 4073; x_wconf 78' lang='lat' dir='ltr'><strong>‹pev-</strong></span> 
     </span>
     <span class='ocr_line' id='line_1_36' title="bbox 99 4086 1115 4179; baseline -0.005 -18"><span class='ocrx_word' id='word_1_254' title='bbox 99 4091 230 4178; x_wconf 76' lang='lat' dir='ltr'><strong>yc&#39;vnwv</strong></span> <span class='ocrx_word' id='word_1_255' title='bbox 251 4086 313 4171; x_wconf 77' lang='grc' dir='ltr'><strong><em>τοὶς</em></strong></span> <span class='ocrx_word' id='word_1_256' title='bbox 335 4086 521 4179; x_wconf 72' lang='grc' dir='ltr'><strong><em>ἀπολογίας</em></strong></span> <span class='ocrx_word' id='word_1_257' title='bbox 533 4089 820 4176; x_wconf 63' lang='lat' dir='ltr'><strong>etuycoplrael,</strong></span> <span class='ocrx_word' id='word_1_258' title='bbox 833 4088 872 4153; x_wconf 84' lang='grc'><strong>13</strong></span> <span class='ocrx_word' id='word_1_259' title='bbox 896 4086 1115 4177; x_wconf 69' lang='grc' dir='ltr'><strong><em>ὑφαιρεῖσθαι</em></strong></span> 
     </span>
    </p>
   </div>
   <div class='ocr_carea' id='block_1_3' title="bbox 0 0 1409 4896">
    <p class='ocr_par' dir='ltr' id='par_1_8' title="bbox 0 0 1409 4896">
     <span class='ocr_line' id='line_1_37' title="bbox 0 0 1409 4896; baseline 0 0"><span class='ocrx_word' id='word_1_260' title='bbox 0 0 1409 4896; x_wconf 95' lang='lat' dir='ltr'><strong> </strong></span> 
     </span>
    </p>
   </div>
  </div>
 </body>
</html>
