2806 4896
182 427 203 472 x
513 403 886 473 PRAEFATIO.

183 594 294 659 mania
319 592 429 674 primo
454 593 625 658 obtulisset
650 595 809 659 illustrem
832 593 962 671 librum,
982 595 1095 658 minus,
1110 613 1218 662 num·

183 713 280 777 matis
304 712 494 776 homiuibus
521 711 716 777 destinatam
731 712 910 777 editionem
932 730 1096 794 pararem,
1123 733 1215 798 quae

183 835 316 913 praeter
340 832 430 895 bona
456 830 613 912 principis
639 829 793 894 editionis
819 831 919 895 etiam
944 833 1120 913 peculiaris
1146 834 1216 897 ali·

185 951 264 1032 qnid
285 951 436 1016 haberet*
450 948 560 1014 dotis‘t
612 949 719 1014 Immo
753 966 821 1014 non
854 968 916 1033 per
939 952 1091 1018 inertiam
1115 954 1214 1019 refu-

184 1073 323 1154 giendus
349 1072 446 1137 labor
470 1070 647 1135 videbatur
668 1087 731 1135 neo
757 1070 1041 1150 summittendum·
1058 1074 1096 1135 ut
1115 1072 1215 1138 olau-

184 1199 229 1262 sis
272 1197 435 1263 thesauris
482 1197 673 1259 incubarem
707 1190 775 1253 τῶν
803 1185 1143 1276 suppetotoyov'ssus
1179 1204 1215 1266 et

183 1305 475 1394 συγχωρησάντων
501 1314 697 1381 incuriosus,
748 1313 843 1377 adde
869 1313 958 1394 quod
990 1314 1126 1382 iuvabat
1148 1337 1213 1400 pa·

185 1451 321 1516 rumper
343 1451 367 1499 a
389 1439 625 1498 consuetorum
649 1433 866 1514 perpetuitate
898 1432 1083 1501 studiorum
1107 1453 1212 1516 sevo·

186 1571 263 1619 ears
289 1553 436 1619 animum
459 1555 493 1616 et
516 1553 675 1619 aliorsum
699 1568 775 1615 eum
796 1551 903 1617 fructu
928 1554 1109 1635 traducere,
1133 1575 1211 1624 eum
1241 1565 1245 1570 ’

186 1675 381 1756 praesertim
407 1672 646 1757 percommode
671 1670 860 1750 cecidisset,
894 1674 930 1735 ut
955 1673 997 1737 ab
1020 1677 1211 1753 oratoribus

187 1795 299 1858 Atticis
338 1810 454 1857 reeens
486 1809 612 1856 essem:
646 1807 724 1854 nam
758 1808 819 1871 per
847 1794 1035 1871 proximam
1066 1796 1210 1863 hiemem

187 1912 447 1977 Demosthenem
470 1911 678 1989 auditoribus
704 1912 786 1975 meis
818 1927 1060 1978 enarraveram.
1121 1913 1213 1993 Quid

188 2031 297 2096 verbis
329 2047 415 2111 opus
440 2031 513 2094 estt
551 2034 588 2093 ut
620 2030 760 2109 vellem,
788 2031 899 2095 hercle
935 2048 1003 2095 non
1036 2038 1211 2115 potueram

188 2152 283 2217 aliter
308 2148 420 2214 faeere
433 2169 450 2213 z·
468 2149 514 2213 ita
537 2165 591 2213 me
618 2165 693 2212 mea
719 2148 787 2213 fata
804 2125 988 2215 trahebant.
1039 2151 1127 2218 Nihil
1143 2154 1210 2234 igi-

187 2277 242 2337 tur
267 2270 488 2335 cunctandum
512 2273 600 2334 ratus
626 2268 808 2333 statuebam
835 2269 924 2349 quod
943 2271 1106 2350 reliquum
1123 2280 1212 2339 esset

188 2393 347 2456 feriarum
374 2389 408 2450 in
434 2388 523 2450 hune
552 2386 699 2450 libellum
733 2367 909 2453 insumere.
961 2388 998 2452 ld
1023 2377 1214 2470 consilium

189 2509 279 2591 quod
307 2524 374 2572 non
406 2503 570 2586 displicuit
605 2504 819 2593 Babingtoni,
860 2509 932 2573 viro
965 2508 1208 2576 modestissimo

190 2634 240 2707 et,
267 2643 343 2690 oum
368 2623 450 2687 nihil
481 2622 512 2686 ei
538 2623 703 2704 antiquius
736 2627 777 2691 sit
811 2628 965 2706 veritates
1002 2629 1045 2693 ad
1078 2646 1210 2694 errores

132 2773 136 2780 ·
189 2750 217 2812 si
252 2763 335 2828 quos
367 2733 530 2806 commisit
562 2744 766 2810 abiiciendos
798 2747 1024 2831 paratissimo,
1055 2747 1211 2824 effectum

189 2869 321 2935 habuit:
342 2864 557 2952 amatoribus
587 2869 758 2930 oratorum
792 2868 973 2931 Atticorum
1005 2867 1209 2951 Hyperideas

189 2988 347 3069 reliquias
372 3003 456 3064 auro
482 2988 598 3087 eontra
624 2985 769 3049 cariores
796 2984 902 3050 offero
936 2986 993 3050 vili
1018 2988 1124 3079 pretio
1144 3007 1211 3070 pa-

190 3107 322 3170 rabiles.
345 3083 348 3087 ’
368 3102 445 3167 Feci
472 3089 561 3180 quod
585 3103 619 3163 in
636 3101 700 3166 hae
715 3105 873 3196 temporis
889 3105 1049 3173 brevitate
1065 3083 1211 3189 -nam
1240 3167 1242 3170 ,

103 3229 104 3232 ’
190 3224 287 3288 nnius
312 3220 435 3285 mensis
451 3220 594 3301 spatiolo
612 3219 695 3284 hoen
716 3221 796 3286 mihi
813 3225 1028 3300 constiterunt
1046 3259 1096 3296 e-
1108 3232 1212 3310 ›poto-

190 3342 342 3409 rattieri:
368 3341 517 3422 prompsi
542 3357 627 3421 quae
654 3342 705 3405 vel
733 3344 867 3411 condita
890 3350 922 3410 et
946 3347 1131 3428 composita
1146 3347 1208 3413 ha·

189 3461 311 3529 bebam
337 3461 389 3524 vel
416 3459 513 3524 laoile
534 3470 746 3542 ¹‹rotnparare-
761 3469 931 3546 poteram:
955 3466 1113 3549 plagulas·
1130 3484 1210 3530 eor-

150 3654 155 3660 ,
190 3588 318 3673 rigendi
356 3587 508 3651 laborem
553 3603 682 3652 mecum
725 3593 879 3681 prompta
920 3589 1093 3679 voluntate
1131 3606 1212 3673 par-

191 3716 273 3780 titus
288 3716 337 3777 est
360 3705 443 3778 Lud.
459 3705 610 3798 Lunpius
624 3712 729 3791 meus
754 3717 788 3778 et
814 3732 874 3796 per
885 3750 888 3755 ·
899 3731 979 3809 eam,
998 3689 1219 3811 'sponsionem

191 3833 232 3896 de
258 3833 425 3897 nonnullis
452 3833 549 3897 rebus
576 3834 774 3911 utiliterme
801 3835 984 3924 admonuit.
1028 3812 1031 3816 Δ
1205 3822 1212 3844 ”

265 3952 331 4019 Sed
354 3959 483 4045 tempus
505 3961 554 4022 est
580 3973 716 4021 narrare
732 3975 817 4039 quae
834 3961 875 4025 de
891 3936 1005 4025 codiee
1023 3931 1211 4041 Hyperideo

192 4082 352 4145 lectorum
378 4081 512 4146 interest
537 4083 641 4168 scire3
666 4080 785 4148 deinde
808 4086 1009 4151 de'oratore
1034 4083 1107 4166 ipso
1134 4066 1214 4150 ora-
