2806 4896
183 415 233 491 68
552 422 837 490 scuoets.

184 602 440 687 διεφθαρμένην
461 598 518 667 καὶ
541 592 606 681 οὴυ
626 593 760 683 ἡλιαίαν
789 594 833 668 οὐ
863 596 968 671 καλοῖς
999 594 1170 685 διαφυλᾶξ
1192 640 1212 652 -

186 728 250 774 aea
269 704 368 790 μέχρι
390 701 528 788 γάμου·
572 701 713 768 Similiter
740 700 914 783 'Xenophon
942 699 1063 768 Mamm.
1088 703 1117 787 1‚·
1141 705 1214 788 5‚†2

184 809 215 872 sl
233 799 450 888 βουλοίμεθά
465 827 510 884 apr
526 805 706 890 ἐπιτρέψαι
722 799 744 888 ἢ
762 798 1055 888 ποῖδααέρρευοις·
1069 807 1214 876 araeded·

175 932 242 975 oca
264 901 287 988 ἢ
311 906 501 990 θυγατέρας
523 905 720 989 παρθένους
742 903 955 991 διαφυλάξαι.
993 945 996 951 1
1080 971 1083 976 .

211 1057 214 1061 ι
250 1011 366 1099 24,,12
400 1007 512 1080 aoda'
545 1011 615 1080 oda
644 1015 783 1098 docta]
811 1014 838 1078 B
870 1015 904 1077 in
927 1013 1084 1098 Addeudis
1113 1015 1213 1085 ταῦτ’

185 1117 278 1200 idque
300 1117 425 1181 rectius.
468 1114 537 1196 Ego
549 1121 651 1180 tammr
668 1134 750 1179 nunc
768 1114 900 1202 ψευδῆ
920 1116 1012 1183 tocie
1027 1118 1211 1200 praeferam.

249 1230 300 1315 24,
325 1229 365 1295 16
389 1222 648 1314 ὀροιοιιόμου]
670 1228 822 1294 connivet
835 1229 874 1294 ad
895 1226 974 1292 baac
989 1230 1119 1294 formam
1137 1232 1211 1296 adi-

185 1344 250 1418 tor,
272 1342 434 1416 postquam
455 1331 625 1397 Lobecbius
646 1341 716 1414 post
735 1332 896 1414 Phrynicb.
926 1352 955 1414 p.
977 1333 1042 1397 696
1074 1335 1212 1419 alteram,

184 1433 386 1524 ὀρεοκόμοι,
408 1445 552 1518 tanquam
579 1436 807 1525 οἰοιιιοιιὲραυ
837 1436 1071 1503 commendarit.
1123 1439 1213 1501 Nunc

185 1526 320 1604 fortasse
354 1540 400 1604 vir
429 1556 565 1603 summus
581 1621 584 1626 ,
598 1539 687 1602 aliter
717 1539 826 1621 sentit,
857 1557 898 1602 ex
933 1556 994 1620 quo
1026 1539 1213 1606 Fritaschius

185 1643 375 1724 potissimum
398 1641 435 1705 ad
457 1641 675 1723 Thesmophor.
699 1639 760 1704 491
792 1642 939 1723 gravibus
960 1644 1077 1708 caussis
1098 1645 1213 1707 vindex

186 1747 312 1809 alterius
334 1745 452 1809 formae
475 1747 601 1815 extitit„
635 1744 725 1809 Adde
745 1743 916 1810 Buttmann.
944 1763 991 1828 gr.
1011 1762 1059 1828 gr.
1086 1743 1121 1829 11,
1145 1743 1212 1810 458

185 1848 259 1911 Lob.
284 1855 315 1910 et
336 1850 433 1929 ipsum
455 1847 692 1911 Lob'eckiumin
715 1845 1210 1930 admirabiliopere-Patbologiae

186 1950 246 2011 voi.
267 1949 290 2031 l,
314 1946 377 2010 534
400 1955 464 2012 not.
507 1947 605 2019 Hodie
618 1947 650 2011 in
662 1947 817 2030 plerisque
836 1949 913 2013 locis
930 1951 1114 2032 scriptorum
1130 1951 1210 2031 apud

186 2052 323 2117 Pierson.
345 2050 413 2116 Ael.
436 2051 550 2116 Herod.
572 2072 602 2134 p.
625 2049 689 2116 449
710 2060 741 2116 et
761 2051 850 2117 Thes.
873 2052 977 2134 Steph.
1005 2072 1032 2119 s.
1054 2074 1083 2118 v.
1112 2050 1210 2138 ὀρεω-

186 2152 294 2239 ιιόμος
316 2175 357 2222 ex
378 2156 536 2222 codicibus
557 2159 728 2221 restitutum
751 2165 805 2221 est

195 2308 198 2313 .
251 2260 292 2325 ib.
316 2249 573 2349 προήγηιὴυ]
595 2260 728 2344 Hesych.
749 2279 774 2325 s.
787 2279 816 2324 v.
839 2253 856 2324 d
879 2261 941 2326 aad
964 2260 1102 2351 ζεύγους
1123 2265 1208 2348 προ-Ι

187 2359 377 2447 ηγούμενος
398 2368 436 2430 ἐυ
459 2376 528 2436 acie
548 2359 683 2447 γάμοις.
738 2362 918 2428 accuratim
945 2363 1119 2430 Eustaibius
1149 2363 1208 2430 od.

189 2465 281 2547 1399,
306 2462 346 2527 18
369 2483 409 2527 ex
429 2467 490 2528 lex.
514 2466 649 2550 rhetor,
679 2485 770 2548 quam
794 2467 927 2550 glossam
946 2467 1149 2550 probabiliter
1168 2487 1209 2531 ex

186 2567 246 2630 boc
267 2567 336 2647 ipso
363 2567 431 2630 loco
460 2585 601 2633 manasse
634 2579 753 2650 censet
774 2567 940 2652 Babinp'to:
974 2573 1018 2636 ἐν.
1047 2572 1209 2656 ῥητορικῷ

186 2669 297 2756 λιξιιιῷ
319 2663 517 2761 ἡγεῖσθαι
545 2672 600 2739 καὶ
626 2672 687 2738 ἐπὶ
709 2665 826 2758 γάμου
855 2669 1008 2764 πομπῆς.
1030 2670 1085 2736 καὶ
1106 2695 1210 2754 προ-

186 2766 345 2856 ηγητήρ
372 2795 475 2854 pcata
508 2767 569 2840 ἀπ’
596 2773 722 2852 ,adeam
753 2774 808 2840 ιιοέ
847 2767 1102 2860 προηγιγτὴς’
1127 2767 1206 2856 παρ’

185 2865 367 2950 ’Ameneia
390 2869 408 2940 ὁ
428 2877 492 2944 πού
510 2874 643 2960 ζεύγους
664 2868 856 2961 ἡγούμενοι
879 2879 915 2942 ἐν
937 2887 1005 2951 cote
1029 2873 1166 2960 γάμοις.

251 2981 368 3066 24,17
398 2985 447 3071 τῷ
469 2982 615 3070 ζεύγει,
637 2981 655 3050 ὃ
676 2976 778 3070 ἦγεν
803 2982 876 3066 τὴν
897 2984 1086 3069 γυναῖκα]
1116 2985 1206 3059 Quod

187 3082 205 3151 ὃ
227 3087 335 3166 scripsi
358 3093 390 3149 et
410 3105 468 3167 per
489 3105 527 3152 se
548 3093 665 3150 certum
688 3092 754 3150 erat
774 3094 906 3153 etnunc
924 3096 1091 3171 conspecta
1104 3089 1206 3152 tabula

187 3188 225 3269 ab
252 3189 320 3270 ipso
356 3188 480 3257 librario
507 3198 686 3253 correctum
719 3188 818 3253 video.
874 3189 953 3252 Nam
986 3209 1083 3273 supra
1108 3193 1207 3275 sigma

187 3300 331 3372 punctum
352 3293 483 3373 positum
507 3301 569 3375 est,
592 3293 712 3376 signnm
733 3292 864 3357 delendi.
918 3291 965 3357 Ne
982 3287 1052 3379 ’ἦγε
1082 3298 1204 3379 quidem

185 3396 280 3460 invito
303 3397 412 3461 codice
440 3396 506 3461 dari
530 3401 680 3482 oportuit,
712 3406 748 3463 ut
778 3398 843 3462 aliis
863 3396 941 3462 locis
962 3401 1158 3476 nunc-video
1181 3429 1202 3471 ιι

74 3560 80 3570 ι
186 3505 358 3601 detraxisse
380 3507 529 3573 editorem
551 3510 651 3574 tacite.
695 3507 772 3572 Vide
794 3507 834 3572 de
859 3526 917 3592 usu
939 3510 1206 3576 oratorum'Voe-

186 3611 306 3674 melium
336 3612 367 3674 in
400 3629 506 3695 progr.
537 3610 781 3675 Francoiurtano
804 3628 832 3674 a.
857 3607 940 3674 1853
975 3611 1042 3692 „De
1059 3609 1110 3677 N
1117 3621 1153 3678 et
1175 3613 1206 3676 Σ

186 3712 322 3779 adductis
343 3715 469 3781 literis.“
513 3717 557 3783 tta
579 3733 713 3798 papyrus
732 3722 841 3787 noster
870 3733 944 3793 cnm
959 3715 1129 3782 --attbttum
1151 3718 1205 3799 22,

186 3812 228 3875 20
251 3821 384 3882 ibadam
419 3812 465 3883 ad·
486 3819 634 3891 παιδίου.
687 3817 734 3883 De
760 3816 872 3902 -ζιένγιι
910 3826 1010 3882 autem
1041 3814 1206 3908 ἡμιουιιιρό

186 3913 287 3995 deque
310 3919 391 3981 omni
413 3937 500 3984 more
527 3940 703 4003 pomparum
735 3921 913 4003 nuptialium
938 3922 1089 4013 videndus
1122 3925 1206 3989 Pbo-

185 4020 245 4084 tius
266 4038 292 4085 s·
313 4038 343 4085 v.
370 4024 541 4107 §cepoe-p.
563 4023 615 4110 46,
636 4026 681 4091 22
702 4024 780 4107 lips.
810 4021 982 4109 etreliqua
1016 4028 1095 4110 apud
1124 4029 1206 4094 lier-

68 4171 83 4194 ,.
185 4141 327 4188 mannum
348 4121 469 4207 Antiqq.
489 4126 595 4208 privat.
616 4125 669 4218 31,
695 4124 738 4216 19,
755 4145 836 4208 sqq„
908 4162 956 4201 ,.;
1050 4190 1055 4196 .
1121 4187 1124 4191 ,
