<?xml version="1.0" encoding="UTF-8"?>
<!DOCTYPE html PUBLIC "-//W3C//DTD XHTML 1.0 Transitional//EN"
    "http://www.w3.org/TR/xhtml1/DTD/xhtml1-transitional.dtd">
<html xmlns="http://www.w3.org/1999/xhtml" xml:lang="en" lang="en">
 <head>
  <title>
</title>
<meta http-equiv="Content-Type" content="text/html;charset=utf-8" />
  <meta name='ocr-system' content='tesseract 3.04.00' />
  <meta name='ocr-capabilities' content='ocr_page ocr_carea ocr_par ocr_line ocrx_word'/>
</head>
<body>
  <div class='ocr_page' id='page_1' title='image "./hyperidisoratio00babigoog_0085.png"; bbox 0 0 2806 4896; ppageno 0'>
   <div class='ocr_carea' id='block_1_1' title="bbox 187 412 827 487">
    <p class='ocr_par' dir='ltr' id='par_1_1' title="bbox 187 412 827 487">
     <span class='ocr_line' id='line_1_1' title="bbox 187 412 827 487; baseline -0.011 0"><span class='ocrx_word' id='word_1_1' title='bbox 187 412 237 487; x_wconf 89' lang='lat'><strong>50</strong></span> <span class='ocrx_word' id='word_1_2' title='bbox 544 414 827 484; x_wconf 83' lang='lat' dir='ltr'><strong>SGHOLlA.</strong></span> 
     </span>
    </p>
   </div>
   <div class='ocr_carea' id='block_1_2' title="bbox 185 585 1272 2027">
    <p class='ocr_par' dir='ltr' id='par_1_2' title="bbox 185 585 1272 1293">
     <span class='ocr_line' id='line_1_2' title="bbox 187 585 1216 681; baseline -0.002 -18"><span class='ocrx_word' id='word_1_3' title='bbox 187 596 259 681; x_wconf 80' lang='grc' dir='ltr'><strong><em>δρες</em></strong></span> <span class='ocrx_word' id='word_1_4' title='bbox 278 586 368 680; x_wconf 77' lang='grc' dir='ltr'><strong><em>η’σαν</em></strong></span> <span class='ocrx_word' id='word_1_5' title='bbox 388 598 420 661; x_wconf 76' lang='grc' dir='ltr'><strong><em>οἱ</em></strong></span> <span class='ocrx_word' id='word_1_6' title='bbox 443 590 731 679; x_wconf 64' lang='grc' dir='ltr'><strong>προφητεύοντες,</strong></span> <span class='ocrx_word' id='word_1_7' title='bbox 752 592 895 676; x_wconf 73' lang='grc' dir='ltr'><strong><em>ὕστερον</em></strong></span> <span class='ocrx_word' id='word_1_8' title='bbox 915 585 946 658; x_wconf 83' lang='lat' dir='ltr'><strong>d’</strong></span> <span class='ocrx_word' id='word_1_9' title='bbox 959 585 1216 679; x_wconf 71' lang='grc' dir='ltr'><strong>ἀπεδείχθησαν</strong></span> 
     </span>
     <span class='ocr_line' id='line_1_3' title="bbox 185 690 1215 782; baseline -0.006 -18"><span class='ocrx_word' id='word_1_10' title='bbox 185 711 270 782; x_wconf 83' lang='grc' dir='ltr'><strong><em>τρεῖς</em></strong></span> <span class='ocrx_word' id='word_1_11' title='bbox 291 711 423 782; x_wconf 79' lang='grc' dir='ltr'><strong>γραῖαι,</strong></span> <span class='ocrx_word' id='word_1_12' title='bbox 443 690 557 780; x_wconf 68' lang='grc' dir='ltr'><strong><em>ἐπειδὴ</em></strong></span> <span class='ocrx_word' id='word_1_13' title='bbox 576 696 632 775; x_wconf 57' lang='lat' dir='ltr'><strong>‚col</strong></span> <span class='ocrx_word' id='word_1_14' title='bbox 650 691 806 768; x_wconf 75' lang='grc' dir='ltr'><strong>σύνναος</strong></span> <span class='ocrx_word' id='word_1_15' title='bbox 818 697 862 782; x_wconf 76' lang='grc' dir='ltr'><strong>τῷ</strong></span> <span class='ocrx_word' id='word_1_16' title='bbox 877 691 1215 782; x_wconf 76' lang='grc' dir='ltr'><strong><em>Διῒτιροςωωεδείχθη</em></strong></span> 
     </span>
     <span class='ocr_line' id='line_1_4' title="bbox 186 789 1213 884; baseline -0.004 -20"><span class='ocrx_word' id='word_1_17' title='bbox 186 803 237 867; x_wconf 77' lang='grc' dir='ltr'><strong>καὶ</strong></span> <span class='ocrx_word' id='word_1_18' title='bbox 259 795 280 884; x_wconf 78' lang='grc' dir='ltr'><em>ἦ</em></span> <span class='ocrx_word' id='word_1_19' title='bbox 304 796 423 882; x_wconf 80' lang='grc' dir='ltr'><strong><em>Διώνη.</em></strong></span> <span class='ocrx_word' id='word_1_20' title='bbox 479 798 582 862; x_wconf 87' lang='lat' dir='ltr'><strong>Schol.</strong></span> <span class='ocrx_word' id='word_1_21' title='bbox 605 797 715 880; x_wconf 81' lang='lat' dir='ltr'><strong>OdysS.</strong></span> <span class='ocrx_word' id='word_1_22' title='bbox 737 822 770 882; x_wconf 80' lang='lat' dir='ltr'><strong>y,</strong></span> <span class='ocrx_word' id='word_1_23' title='bbox 792 794 832 862; x_wconf 83' lang='lat'><strong>91</strong></span> <span class='ocrx_word' id='word_1_24' title='bbox 857 797 912 863; x_wconf 75' lang='grc' dir='ltr'><strong>καὶ</strong></span> <span class='ocrx_word' id='word_1_25' title='bbox 935 789 958 880; x_wconf 77' lang='grc' dir='ltr'><em>ἦ</em></span> <span class='ocrx_word' id='word_1_26' title='bbox 982 792 1078 878; x_wconf 86' lang='grc' dir='ltr'><strong>Ἥρα</strong></span> <span class='ocrx_word' id='word_1_27' title='bbox 1101 791 1213 878; x_wconf 82' lang='grc' dir='ltr'><em>Διώνη</em></span> 
     </span>
     <span class='ocr_line' id='line_1_5' title="bbox 186 897 1214 987; baseline -0.006 -18"><span class='ocrx_word' id='word_1_28' title='bbox 186 899 281 987; x_wconf 76' lang='grc' dir='ltr'><strong><em>παραὶ</em></strong></span> <span class='ocrx_word' id='word_1_29' title='bbox 303 900 526 979; x_wconf 76' lang='grc' dir='ltr'><strong><em>Δωδωναίοις,</em></strong></span> <span class='ocrx_word' id='word_1_30' title='bbox 545 899 592 977; x_wconf 77' lang='grc' dir='ltr'><strong>ὥς</strong></span> <span class='ocrx_word' id='word_1_31' title='bbox 613 897 876 983; x_wconf 80' lang='grc' dir='ltr'><strong><em>Ἀπολλόδωρος.</em></strong></span> <span class='ocrx_word' id='word_1_32' title='bbox 918 899 1006 963; x_wconf 86' lang='lat' dir='ltr'>Unde</span> <span class='ocrx_word' id='word_1_33' title='bbox 1028 901 1059 963; x_wconf 85' lang='lat' dir='ltr'><strong>in</strong></span> <span class='ocrx_word' id='word_1_34' title='bbox 1077 900 1214 963; x_wconf 87' lang='lat' dir='ltr'><strong>craculis</strong></span> 
     </span>
     <span class='ocr_line' id='line_1_6' title="bbox 185 1001 1272 1092; baseline -0.004 -24"><span class='ocrx_word' id='word_1_35' title='bbox 185 1005 366 1070; x_wconf 88' lang='lat' dir='ltr'><strong>Dodonaeis</strong></span> <span class='ocrx_word' id='word_1_36' title='bbox 388 1022 484 1085; x_wconf 86' lang='lat' dir='ltr'><strong>saepe</strong></span> <span class='ocrx_word' id='word_1_37' title='bbox 506 1022 575 1066; x_wconf 89' lang='lat' dir='ltr'><strong>cum</strong></span> <span class='ocrx_word' id='word_1_38' title='bbox 596 1005 674 1076; x_wconf 79' lang='lat' dir='ltr'><strong>love</strong></span> <span class='ocrx_word' id='word_1_39' title='bbox 694 1005 891 1085; x_wconf 78' lang='lat' dir='ltr'><strong>coniungitur</strong></span> <span class='ocrx_word' id='word_1_40' title='bbox 911 1003 1028 1085; x_wconf 86' lang='lat' dir='ltr'><strong>Diona,</strong></span> <span class='ocrx_word' id='word_1_41' title='bbox 1058 1001 1215 1068; x_wconf 85' lang='lat' dir='ltr'><strong>Demostlr.</strong></span> <span class='ocrx_word' id='word_1_42' title='bbox 1266 1081 1272 1092; x_wconf 44' lang='lat'><strong>,</strong></span> 
     </span>
     <span class='ocr_line' id='line_1_7' title="bbox 185 1104 1211 1190; baseline -0.001 -18"><span class='ocrx_word' id='word_1_43' title='bbox 185 1109 256 1172; x_wconf 85' lang='lat' dir='ltr'><strong>idid.</strong></span> <span class='ocrx_word' id='word_1_44' title='bbox 278 1105 353 1190; x_wconf 83' lang='lat'><strong>531,</strong></span> <span class='ocrx_word' id='word_1_45' title='bbox 375 1107 427 1170; x_wconf 90' lang='grc'><strong>20.</strong></span> <span class='ocrx_word' id='word_1_46' title='bbox 451 1107 483 1170; x_wconf 83' lang='lat' dir='ltr'><strong>F.</strong></span> <span class='ocrx_word' id='word_1_47' title='bbox 503 1107 577 1188; x_wconf 83' lang='lat' dir='ltr'><strong>Leg.</strong></span> <span class='ocrx_word' id='word_1_48' title='bbox 600 1106 673 1190; x_wconf 86' lang='grc'><strong>437,</strong></span> <span class='ocrx_word' id='word_1_49' title='bbox 698 1104 747 1171; x_wconf 88' lang='grc'><strong>10.</strong></span> <span class='ocrx_word' id='word_1_50' title='bbox 772 1110 859 1188; x_wconf 78' lang='lat' dir='ltr'><strong>epist,</strong></span> <span class='ocrx_word' id='word_1_51' title='bbox 882 1105 903 1168; x_wconf 98' lang='lat'>4</span> <span class='ocrx_word' id='word_1_52' title='bbox 925 1125 954 1188; x_wconf 93' lang='lat' dir='ltr'><strong>p.</strong></span> <span class='ocrx_word' id='word_1_53' title='bbox 977 1105 1068 1190; x_wconf 86' lang='grc'><strong>1487,</strong></span> <span class='ocrx_word' id='word_1_54' title='bbox 1092 1107 1122 1170; x_wconf 91' lang='grc'><strong>2.</strong></span> <span class='ocrx_word' id='word_1_55' title='bbox 1147 1106 1211 1170; x_wconf 83' lang='lat' dir='ltr'><strong>Cir.</strong></span> 
     </span>
     <span class='ocr_line' id='line_1_8' title="bbox 185 1209 1171 1293; baseline 0 -19"><span class='ocrx_word' id='word_1_56' title='bbox 185 1212 358 1276; x_wconf 86' lang='lat' dir='ltr'><strong>Buttmunui</strong></span> <span class='ocrx_word' id='word_1_57' title='bbox 381 1229 533 1276; x_wconf 80' lang='lat' dir='ltr'><strong>excursus</strong></span> <span class='ocrx_word' id='word_1_58' title='bbox 553 1219 623 1293; x_wconf 92' lang='lat' dir='ltr'><strong>post</strong></span> <span class='ocrx_word' id='word_1_59' title='bbox 644 1211 803 1275; x_wconf 85' lang='lat' dir='ltr'><strong>liidiunam</strong></span> <span class='ocrx_word' id='word_1_60' title='bbox 825 1211 852 1274; x_wconf 86' lang='lat'><strong>3-</strong></span> <span class='ocrx_word' id='word_1_61' title='bbox 869 1218 899 1274; x_wconf 88' lang='lat' dir='ltr'><strong>et</strong></span> <span class='ocrx_word' id='word_1_62' title='bbox 920 1210 940 1274; x_wconf 91' lang='lat'>4</span> <span class='ocrx_word' id='word_1_63' title='bbox 963 1231 992 1293; x_wconf 95' lang='lat' dir='ltr'><strong>p.</strong></span> <span class='ocrx_word' id='word_1_64' title='bbox 1018 1209 1080 1275; x_wconf 89' lang='grc'><strong>123</strong></span> <span class='ocrx_word' id='word_1_65' title='bbox 1102 1228 1171 1292; x_wconf 86' lang='lat' dir='ltr'><strong>sqq.</strong></span> 
     </span>
    </p>

    <p class='ocr_par' dir='ltr' id='par_1_3' title="bbox 186 1314 1213 1806">
     <span class='ocr_line' id='line_1_9' title="bbox 253 1314 1213 1398; baseline 0 -20"><span class='ocrx_word' id='word_1_66' title='bbox 253 1314 303 1396; x_wconf 91' lang='grc'><strong>12,</strong></span> <span class='ocrx_word' id='word_1_67' title='bbox 325 1314 348 1377; x_wconf 84' lang='grc'>8</span> <span class='ocrx_word' id='word_1_68' title='bbox 369 1320 411 1382; x_wconf 74' lang='grc' dir='ltr'><strong>ἐν</strong></span> <span class='ocrx_word' id='word_1_69' title='bbox 433 1328 522 1387; x_wconf 80' lang='grc' dir='ltr'><strong><em>ταῖς</em></strong></span> <span class='ocrx_word' id='word_1_70' title='bbox 544 1314 790 1397; x_wconf 78' lang='grc' dir='ltr'><strong><em>ἐπιστολαῖς]</em></strong></span> <span class='ocrx_word' id='word_1_71' title='bbox 821 1333 897 1396; x_wconf 88' lang='lat' dir='ltr'><strong>quus</strong></span> <span class='ocrx_word' id='word_1_72' title='bbox 918 1316 1062 1398; x_wconf 82' lang='lat' dir='ltr'><strong>plurimas</strong></span> <span class='ocrx_word' id='word_1_73' title='bbox 1091 1316 1213 1397; x_wconf 82' lang='lat' dir='ltr'><strong>scripsit</strong></span> 
     </span>
     <span class='ocr_line' id='line_1_10' title="bbox 187 1415 1213 1500; baseline 0.001 -21"><span class='ocrx_word' id='word_1_74' title='bbox 187 1415 349 1500; x_wconf 89' lang='lat' dir='ltr'><strong>Olympias.</strong></span> <span class='ocrx_word' id='word_1_75' title='bbox 400 1417 474 1480; x_wconf 88' lang='lat' dir='ltr'><strong>Pars</strong></span> <span class='ocrx_word' id='word_1_76' title='bbox 497 1416 548 1479; x_wconf 91' lang='lat' dir='ltr'><strong>vel</strong></span> <span class='ocrx_word' id='word_1_77' title='bbox 569 1418 600 1478; x_wconf 90' lang='lat' dir='ltr'><strong>in</strong></span> <span class='ocrx_word' id='word_1_78' title='bbox 626 1419 893 1498; x_wconf 84' lang='lat' dir='ltr'><strong>grammaticorum</strong></span> <span class='ocrx_word' id='word_1_79' title='bbox 922 1436 1030 1483; x_wconf 83' lang='lat' dir='ltr'><strong>manus</strong></span> <span class='ocrx_word' id='word_1_80' title='bbox 1059 1424 1213 1482; x_wconf 85' lang='lat' dir='ltr'><strong>venerunt</strong></span> 
     </span>
     <span class='ocr_line' id='line_1_11' title="bbox 187 1518 1212 1603; baseline 0 -18"><span class='ocrx_word' id='word_1_81' title='bbox 187 1527 412 1602; x_wconf 89' lang='lat' dir='ltr'><strong>supersunlque</strong></span> <span class='ocrx_word' id='word_1_82' title='bbox 435 1518 585 1600; x_wconf 89' lang='lat' dir='ltr'><strong>quaedam</strong></span> <span class='ocrx_word' id='word_1_83' title='bbox 606 1519 723 1581; x_wconf 88' lang='lat' dir='ltr'><strong>illarum</strong></span> <span class='ocrx_word' id='word_1_84' title='bbox 745 1521 907 1603; x_wconf 78' lang='lat' dir='ltr'><strong>reliquiae,</strong></span> <span class='ocrx_word' id='word_1_85' title='bbox 938 1539 1016 1602; x_wconf 88' lang='lat' dir='ltr'><strong>quas</strong></span> <span class='ocrx_word' id='word_1_86' title='bbox 1039 1523 1212 1602; x_wconf 82' lang='lat' dir='ltr'><strong>composuit</strong></span> 
     </span>
     <span class='ocr_line' id='line_1_12' title="bbox 186 1621 1211 1706; baseline 0.003 -22"><span class='ocrx_word' id='word_1_87' title='bbox 186 1623 231 1686; x_wconf 93' lang='lat' dir='ltr'><strong>lo.</strong></span> <span class='ocrx_word' id='word_1_88' title='bbox 252 1622 361 1686; x_wconf 86' lang='lat' dir='ltr'><strong>Christ.</strong></span> <span class='ocrx_word' id='word_1_89' title='bbox 384 1621 514 1686; x_wconf 89' lang='lat' dir='ltr'><strong>Wollius</strong></span> <span class='ocrx_word' id='word_1_90' title='bbox 535 1623 565 1684; x_wconf 88' lang='lat' dir='ltr'><strong>iu</strong></span> <span class='ocrx_word' id='word_1_91' title='bbox 588 1622 747 1685; x_wconf 75' lang='lat' dir='ltr'><strong>Mulierum</strong></span> <span class='ocrx_word' id='word_1_92' title='bbox 769 1640 909 1705; x_wconf 83' lang='lat' dir='ltr'><strong>graecar.</strong></span> <span class='ocrx_word' id='word_1_93' title='bbox 933 1624 1071 1706; x_wconf 86' lang='lat' dir='ltr'><strong>fregmm.</strong></span> <span class='ocrx_word' id='word_1_94' title='bbox 1086 1626 1211 1706; x_wconf 82' lang='lat' dir='ltr'><strong>etelog.</strong></span> 
     </span>
     <span class='ocr_line' id='line_1_13' title="bbox 189 1723 396 1806; baseline -0.005 -18"><span class='ocrx_word' id='word_1_95' title='bbox 189 1745 219 1806; x_wconf 88' lang='lat' dir='ltr'><strong>p.</strong></span> <span class='ocrx_word' id='word_1_96' title='bbox 244 1723 306 1790; x_wconf 86' lang='lat'><strong>150</strong></span> <span class='ocrx_word' id='word_1_97' title='bbox 328 1743 396 1806; x_wconf 87' lang='lat' dir='ltr'><strong>sqq.</strong></span> 
     </span>
    </p>

    <p class='ocr_par' dir='ltr' id='par_1_4' title="bbox 187 1831 1210 2027">
     <span class='ocr_line' id='line_1_14' title="bbox 253 1831 1210 1924; baseline 0.003 -23"><span class='ocrx_word' id='word_1_98' title='bbox 253 1838 345 1920; x_wconf 87' lang='grc'><strong>12,9</strong></span> <span class='ocrx_word' id='word_1_99' title='bbox 373 1833 392 1922; x_wconf 79' lang='grc' dir='ltr'><em>ἦ</em></span> <span class='ocrx_word' id='word_1_100' title='bbox 416 1835 522 1924; x_wconf 74' lang='grc' dir='ltr'><strong><em>χώρα</em></strong></span> <span class='ocrx_word' id='word_1_101' title='bbox 546 1831 655 1922; x_wconf 75' lang='grc' dir='ltr'><strong><em>εἴηη</em></strong></span> <span class='ocrx_word' id='word_1_102' title='bbox 684 1841 895 1906; x_wconf 84' lang='grc' dir='ltr'><strong><em>Μολοοσία</em></strong></span> <span class='ocrx_word' id='word_1_103' title='bbox 921 1837 1060 1923; x_wconf 75' lang='grc' dir='ltr'><strong><em>αὐτῆς]</em></strong></span> <span class='ocrx_word' id='word_1_104' title='bbox 1091 1841 1210 1922; x_wconf 81' lang='lat' dir='ltr'><strong>Quippe</strong></span> 
     </span>
     <span class='ocr_line' id='line_1_15' title="bbox 187 1941 1210 2027; baseline 0 -22"><span class='ocrx_word' id='word_1_105' title='bbox 187 1941 341 2023; x_wconf 88' lang='lat' dir='ltr'><strong>Olympias</strong></span> <span class='ocrx_word' id='word_1_106' title='bbox 369 1941 563 2020; x_wconf 78' lang='lat' dir='ltr'><strong>Neoptolemi</strong></span> <span class='ocrx_word' id='word_1_107' title='bbox 593 1941 678 2021; x_wconf 84' lang='lat' dir='ltr'><strong>regis</strong></span> <span class='ocrx_word' id='word_1_108' title='bbox 707 1941 896 2022; x_wconf 81' lang='lat' dir='ltr'><strong>Epirotarum</strong></span> <span class='ocrx_word' id='word_1_109' title='bbox 926 1945 1003 2024; x_wconf 85' lang='lat' dir='ltr'><strong>iilia,</strong></span> <span class='ocrx_word' id='word_1_110' title='bbox 1033 1944 1210 2027; x_wconf 82' lang='lat' dir='ltr'><strong>Alexandri,</strong></span> 
     </span>
    </p>
   </div>
   <div class='ocr_carea' id='block_1_3' title="bbox 77 2044 1209 2127">
    <p class='ocr_par' dir='ltr' id='par_1_5' title="bbox 77 2044 1209 2127">
     <span class='ocr_line' id='line_1_16' title="bbox 77 2044 1209 2127; baseline 0.003 -20"><span class='ocrx_word' id='word_1_111' title='bbox 77 2066 83 2079; x_wconf 75' lang='grc'><em>’</em></span> <span class='ocrx_word' id='word_1_112' title='bbox 189 2046 241 2127; x_wconf 91' lang='lat' dir='ltr'><strong>qui</strong></span> <span class='ocrx_word' id='word_1_113' title='bbox 261 2053 332 2126; x_wconf 91' lang='lat' dir='ltr'><strong>post</strong></span> <span class='ocrx_word' id='word_1_114' title='bbox 354 2044 437 2107; x_wconf 88' lang='lat' dir='ltr'><strong>dlum</strong></span> <span class='ocrx_word' id='word_1_115' title='bbox 457 2044 615 2127; x_wconf 82' lang='lat' dir='ltr'><strong>regnavit,</strong></span> <span class='ocrx_word' id='word_1_116' title='bbox 643 2061 736 2107; x_wconf 85' lang='lat' dir='ltr'><strong>soror</strong></span> <span class='ocrx_word' id='word_1_117' title='bbox 768 2045 833 2109; x_wconf 85' lang='lat' dir='ltr'><strong>luit.</strong></span> <span class='ocrx_word' id='word_1_118' title='bbox 891 2047 1078 2112; x_wconf 89' lang='lat' dir='ltr'><strong>Acciderunt</strong></span> <span class='ocrx_word' id='word_1_119' title='bbox 1108 2055 1209 2111; x_wconf 83' lang='lat' dir='ltr'><strong>aulem</strong></span> 
     </span>
    </p>
   </div>
   <div class='ocr_carea' id='block_1_4' title="bbox 186 2148 1208 2228">
    <p class='ocr_par' dir='ltr' id='par_1_6' title="bbox 186 2148 1208 2228">
     <span class='ocr_line' id='line_1_17' title="bbox 186 2148 1208 2228; baseline 0.004 -18"><span class='ocrx_word' id='word_1_120' title='bbox 186 2149 246 2212; x_wconf 84' lang='lat' dir='ltr'><strong>hae</strong></span> <span class='ocrx_word' id='word_1_121' title='bbox 266 2165 318 2212; x_wconf 91' lang='lat' dir='ltr'><strong>res</strong></span> <span class='ocrx_word' id='word_1_122' title='bbox 349 2164 388 2210; x_wconf 90' lang='lat' dir='ltr'><strong>eo</strong></span> <span class='ocrx_word' id='word_1_123' title='bbox 417 2153 557 2226; x_wconf 90' lang='lat' dir='ltr'><strong>tempore</strong></span> <span class='ocrx_word' id='word_1_124' title='bbox 585 2165 648 2228; x_wconf 94' lang='lat' dir='ltr'><strong>quo</strong></span> <span class='ocrx_word' id='word_1_125' title='bbox 677 2148 854 2212; x_wconf 79' lang='lat' dir='ltr'><strong>Alexander</strong></span> <span class='ocrx_word' id='word_1_126' title='bbox 886 2152 917 2212; x_wconf 93' lang='lat' dir='ltr'><strong>in</strong></span> <span class='ocrx_word' id='word_1_127' title='bbox 946 2150 1048 2215; x_wconf 81' lang='lat' dir='ltr'><strong>Asiam</strong></span> <span class='ocrx_word' id='word_1_128' title='bbox 1082 2150 1208 2214; x_wconf 85' lang='lat' dir='ltr'><strong>abierat.</strong></span> 
     </span>
    </p>
   </div>
   <div class='ocr_carea' id='block_1_5' title="bbox 96 2259 1210 3691">
    <p class='ocr_par' dir='ltr' id='par_1_7' title="bbox 187 2259 1210 2633">
     <span class='ocr_line' id='line_1_18' title="bbox 250 2259 1210 2350; baseline 0 -22"><span class='ocrx_word' id='word_1_129' title='bbox 250 2265 291 2328; x_wconf 83' lang='lat' dir='ltr'><strong>ib.</strong></span> <span class='ocrx_word' id='word_1_130' title='bbox 323 2259 469 2332; x_wconf 80' lang='grc' dir='ltr'><strong><em>οὔκουν</em></strong></span> <span class='ocrx_word' id='word_1_131' title='bbox 503 2263 715 2348; x_wconf 77' lang='grc' dir='ltr'><strong><em>προσηκον]</em></strong></span> <span class='ocrx_word' id='word_1_132' title='bbox 751 2263 835 2327; x_wconf 85' lang='lat' dir='ltr'><strong>Cave</strong></span> <span class='ocrx_word' id='word_1_133' title='bbox 872 2267 921 2330; x_wconf 90' lang='lat' dir='ltr'><strong>vel</strong></span> <span class='ocrx_word' id='word_1_134' title='bbox 957 2262 1113 2350; x_wconf 78' lang='grc' dir='ltr'><strong><em>προσήκοι</em></strong></span> <span class='ocrx_word' id='word_1_135' title='bbox 1156 2267 1210 2329; x_wconf 88' lang='lat' dir='ltr'><strong>vel</strong></span> 
     </span>
     <span class='ocr_line' id='line_1_19' title="bbox 187 2361 1209 2452; baseline 0 -20"><span class='ocrx_word' id='word_1_136' title='bbox 187 2361 367 2452; x_wconf 78' lang='grc' dir='ltr'><strong><em>προσήκειν</em></strong></span> <span class='ocrx_word' id='word_1_137' title='bbox 389 2366 554 2430; x_wconf 87' lang='lat' dir='ltr'><strong>coniectes.</strong></span> <span class='ocrx_word' id='word_1_138' title='bbox 599 2366 769 2448; x_wconf 83' lang='lat' dir='ltr'><strong>Hyperides</strong></span> <span class='ocrx_word' id='word_1_139' title='bbox 791 2369 869 2433; x_wconf 90' lang='lat' dir='ltr'><strong>haec</strong></span> <span class='ocrx_word' id='word_1_140' title='bbox 890 2372 949 2433; x_wconf 83' lang='lat' dir='ltr'><strong>iam</strong></span> <span class='ocrx_word' id='word_1_141' title='bbox 969 2389 1029 2434; x_wconf 93' lang='lat' dir='ltr'><strong>non</strong></span> <span class='ocrx_word' id='word_1_142' title='bbox 1047 2389 1088 2433; x_wconf 88' lang='lat' dir='ltr'><strong>ex</strong></span> <span class='ocrx_word' id='word_1_143' title='bbox 1108 2371 1209 2452; x_wconf 87' lang='lat' dir='ltr'><strong>parti-</strong></span> 
     </span>
     <span class='ocr_line' id='line_1_20' title="bbox 187 2460 1208 2555; baseline 0.002 -23"><span class='ocrx_word' id='word_1_144' title='bbox 187 2469 253 2532; x_wconf 87' lang='lat' dir='ltr'><strong>cula</strong></span> <span class='ocrx_word' id='word_1_145' title='bbox 279 2460 321 2540; x_wconf 71' lang='lat' dir='ltr'><strong>cic</strong></span> <span class='ocrx_word' id='word_1_146' title='bbox 343 2466 519 2546; x_wconf 88' lang='lat' dir='ltr'><strong>suspendit,</strong></span> <span class='ocrx_word' id='word_1_147' title='bbox 549 2466 605 2530; x_wconf 90' lang='lat' dir='ltr'><strong>sed</strong></span> <span class='ocrx_word' id='word_1_148' title='bbox 627 2467 770 2549; x_wconf 85' lang='lat' dir='ltr'><strong>tanquam</strong></span> <span class='ocrx_word' id='word_1_149' title='bbox 802 2472 867 2552; x_wconf 88' lang='lat' dir='ltr'><strong>ipsa</strong></span> <span class='ocrx_word' id='word_1_150' title='bbox 897 2471 1082 2555; x_wconf 80' lang='lat' dir='ltr'><strong>Olympiadis</strong></span> <span class='ocrx_word' id='word_1_151' title='bbox 1112 2471 1208 2536; x_wconf 86' lang='lat' dir='ltr'><strong>verba</strong></span> 
     </span>
     <span class='ocr_line' id='line_1_21' title="bbox 189 2571 307 2633; baseline -0.008 0"><span class='ocrx_word' id='word_1_152' title='bbox 189 2571 307 2633; x_wconf 89' lang='lat' dir='ltr'><strong>recitat.</strong></span> 
     </span>
    </p>

    <p class='ocr_par' dir='ltr' id='par_1_8' title="bbox 184 2667 1208 3062">
     <span class='ocr_line' id='line_1_22' title="bbox 253 2667 1208 2765; baseline 0.013 -31"><span class='ocrx_word' id='word_1_153' title='bbox 253 2672 302 2755; x_wconf 84' lang='lat'><strong>12,</strong></span> <span class='ocrx_word' id='word_1_154' title='bbox 328 2667 367 2734; x_wconf 92' lang='grc'><strong>14</strong></span> <span class='ocrx_word' id='word_1_155' title='bbox 390 2672 455 2740; x_wconf 79' lang='grc' dir='ltr'><strong>ἐπὶ</strong></span> <span class='ocrx_word' id='word_1_156' title='bbox 477 2674 554 2740; x_wconf 78' lang='grc' dir='ltr'><strong><em>τοῦ</em></strong></span> <span class='ocrx_word' id='word_1_157' title='bbox 574 2679 854 2761; x_wconf 72' lang='grc' dir='ltr'><strong><em>γεγενημένον</em></strong></span> <span class='ocrx_word' id='word_1_158' title='bbox 876 2681 1004 2765; x_wconf 75' lang='grc' dir='ltr'><strong><em>ἕωμεν</em></strong></span> <span class='ocrx_word' id='word_1_159' title='bbox 1024 2676 1095 2750; x_wconf 75' lang='grc' dir='ltr'><strong>τοὶς</strong></span> <span class='ocrx_word' id='word_1_160' title='bbox 1117 2703 1208 2764; x_wconf 90' lang='grc' dir='ltr'><strong><em>τρα-</em></strong></span> 
     </span>
     <span class='ocr_line' id='line_1_23' title="bbox 184 2765 1207 2868; baseline 0.009 -29"><span class='ocrx_word' id='word_1_161' title='bbox 184 2772 328 2858; x_wconf 72' lang='grc' dir='ltr'><strong><em>ηωδίας</em></strong></span> <span class='ocrx_word' id='word_1_162' title='bbox 350 2765 491 2860; x_wconf 76' lang='grc' dir='ltr'><strong><em>αὐτῆς]</em></strong></span> <span class='ocrx_word' id='word_1_163' title='bbox 514 2773 544 2837; x_wconf 83' lang='lat' dir='ltr'><strong>h.</strong></span> <span class='ocrx_word' id='word_1_164' title='bbox 567 2793 594 2838; x_wconf 85' lang='lat' dir='ltr'><strong>e.</strong></span> <span class='ocrx_word' id='word_1_165' title='bbox 617 2771 679 2850; x_wconf 76' lang='grc' dir='ltr'><strong><em>τιὶς</em></strong></span> <span class='ocrx_word' id='word_1_166' title='bbox 701 2781 756 2847; x_wconf 75' lang='grc' dir='ltr'><strong>ἐπὶ</strong></span> <span class='ocrx_word' id='word_1_167' title='bbox 784 2783 849 2849; x_wconf 77' lang='grc' dir='ltr'><strong><em>τοῦ</em></strong></span> <span class='ocrx_word' id='word_1_168' title='bbox 874 2783 1103 2868; x_wconf 67' lang='grc' dir='ltr'><strong><em>γεγενημένον</em></strong></span> <span class='ocrx_word' id='word_1_169' title='bbox 1125 2806 1207 2866; x_wconf 90' lang='grc' dir='ltr'><strong><em>τρα-</em></strong></span> 
     </span>
     <span class='ocr_line' id='line_1_24' title="bbox 184 2873 1205 2969; baseline 0.009 -30"><span class='ocrx_word' id='word_1_170' title='bbox 184 2873 314 2961; x_wconf 74' lang='grc' dir='ltr'><strong><em>γῳδίας.</em></strong></span> <span class='ocrx_word' id='word_1_171' title='bbox 367 2873 442 2938; x_wconf 85' lang='lat' dir='ltr'><strong>Cum</strong></span> <span class='ocrx_word' id='word_1_172' title='bbox 465 2876 525 2939; x_wconf 91' lang='lat' dir='ltr'><strong>hoc</strong></span> <span class='ocrx_word' id='word_1_173' title='bbox 548 2878 700 2942; x_wconf 88' lang='lat' dir='ltr'><strong>vocabulo</strong></span> <span class='ocrx_word' id='word_1_174' title='bbox 723 2882 843 2947; x_wconf 84' lang='lat' dir='ltr'><strong>confert</strong></span> <span class='ocrx_word' id='word_1_175' title='bbox 863 2885 1014 2969; x_wconf 75' lang='lat' dir='ltr'><strong>Bahingto</strong></span> <span class='ocrx_word' id='word_1_176' title='bbox 1043 2893 1119 2949; x_wconf 88' lang='lat' dir='ltr'><strong>orat.</strong></span> <span class='ocrx_word' id='word_1_177' title='bbox 1149 2903 1205 2967; x_wconf 92' lang='lat' dir='ltr'><strong>prc</strong></span> 
     </span>
     <span class='ocr_line' id='line_1_25' title="bbox 184 2977 539 3062; baseline 0.008 -22"><span class='ocrx_word' id='word_1_178' title='bbox 184 2977 335 3061; x_wconf 91' lang='lat' dir='ltr'><strong>Lycophr.</strong></span> <span class='ocrx_word' id='word_1_179' title='bbox 360 2997 390 3060; x_wconf 90' lang='lat' dir='ltr'><strong>p.</strong></span> <span class='ocrx_word' id='word_1_180' title='bbox 412 2978 465 3062; x_wconf 87' lang='grc'><strong>27,</strong></span> <span class='ocrx_word' id='word_1_181' title='bbox 490 2981 539 3044; x_wconf 88' lang='grc'><strong>19.</strong></span> 
     </span>
    </p>

    <p class='ocr_par' dir='ltr' id='par_1_9' title="bbox 251 3079 1207 3177">
     <span class='ocr_line' id='line_1_26' title="bbox 251 3079 1207 3177; baseline 0.009 -31"><span class='ocrx_word' id='word_1_182' title='bbox 251 3082 301 3167; x_wconf 90' lang='grc'><strong>13,</strong></span> <span class='ocrx_word' id='word_1_183' title='bbox 323 3083 344 3147; x_wconf 86' lang='grc'><strong>3</strong></span> <span class='ocrx_word' id='word_1_184' title='bbox 366 3086 431 3152; x_wconf 72' lang='grc' dir='ltr'><strong>καὶ</strong></span> <span class='ocrx_word' id='word_1_185' title='bbox 453 3079 499 3152; x_wconf 79' lang='grc' dir='ltr'><strong>αὖ</strong></span> <span class='ocrx_word' id='word_1_186' title='bbox 523 3089 563 3153; x_wconf 80' lang='grc' dir='ltr'><strong>σὲ</strong></span> <span class='ocrx_word' id='word_1_187' title='bbox 584 3089 663 3169; x_wconf 76' lang='grc' dir='ltr'><strong>μὲν</strong></span> <span class='ocrx_word' id='word_1_188' title='bbox 695 3090 798 3177; x_wconf 87' lang='lat'><strong>....]</strong></span> <span class='ocrx_word' id='word_1_189' title='bbox 825 3093 909 3157; x_wconf 87' lang='lat' dir='ltr'><strong>Haec</strong></span> <span class='ocrx_word' id='word_1_190' title='bbox 932 3097 1044 3160; x_wconf 88' lang='lat' dir='ltr'><strong>acerbo</strong></span> <span class='ocrx_word' id='word_1_191' title='bbox 1074 3094 1207 3157; x_wconf 87' lang='lat' dir='ltr'><strong>obvertit</strong></span> 
     </span>
    </p>

    <p class='ocr_par' dir='ltr' id='par_1_10' title="bbox 96 3187 1206 3691">
     <span class='ocr_line' id='line_1_27' title="bbox 186 3187 1206 3280; baseline 0.023 -33"><span class='ocrx_word' id='word_1_192' title='bbox 186 3191 292 3249; x_wconf 87' lang='lat' dir='ltr'><strong>orator</strong></span> <span class='ocrx_word' id='word_1_193' title='bbox 314 3187 350 3249; x_wconf 90' lang='lat' dir='ltr'><strong>iis</strong></span> <span class='ocrx_word' id='word_1_194' title='bbox 374 3188 454 3272; x_wconf 82' lang='lat' dir='ltr'><strong>quaa</strong></span> <span class='ocrx_word' id='word_1_195' title='bbox 476 3206 568 3269; x_wconf 85' lang='lat' dir='ltr'><strong>supra</strong></span> <span class='ocrx_word' id='word_1_196' title='bbox 590 3191 788 3272; x_wconf 83' lang='lat' dir='ltr'><strong>exprobravit</strong></span> <span class='ocrx_word' id='word_1_197' title='bbox 808 3196 976 3280; x_wconf 89' lang='lat' dir='ltr'><strong>Polyeucto</strong></span> <span class='ocrx_word' id='word_1_198' title='bbox 1000 3217 1030 3280; x_wconf 89' lang='lat' dir='ltr'><strong>p.</strong></span> <span class='ocrx_word' id='word_1_199' title='bbox 1050 3199 1079 3280; x_wconf 87' lang='grc'><strong>7,</strong></span> <span class='ocrx_word' id='word_1_200' title='bbox 1101 3196 1121 3260; x_wconf 90' lang='lat'>3</span> <span class='ocrx_word' id='word_1_201' title='bbox 1139 3215 1206 3278; x_wconf 84' lang='lat' dir='ltr'><strong>sqq.</strong></span> 
     </span>
     <span class='ocr_line' id='line_1_28' title="bbox 96 3285 1206 3383; baseline 0.014 -35"><span class='ocrx_word' id='word_1_202' title='bbox 96 3289 99 3293; x_wconf 82' lang='lat'>&#39;</span> <span class='ocrx_word' id='word_1_203' title='bbox 250 3285 300 3372; x_wconf 87' lang='lat'><strong>13,</strong></span> <span class='ocrx_word' id='word_1_204' title='bbox 322 3287 344 3351; x_wconf 88' lang='lat'>8</span> <span class='ocrx_word' id='word_1_205' title='bbox 366 3287 612 3374; x_wconf 75' lang='grc' dir='ltr'><strong><em>καθέστακα]</em></strong></span> <span class='ocrx_word' id='word_1_206' title='bbox 641 3293 711 3358; x_wconf 89' lang='lat' dir='ltr'><strong>Non</strong></span> <span class='ocrx_word' id='word_1_207' title='bbox 738 3305 820 3362; x_wconf 88' lang='lat' dir='ltr'><strong>extat</strong></span> <span class='ocrx_word' id='word_1_208' title='bbox 848 3303 998 3383; x_wconf 83' lang='lat' dir='ltr'><strong>antiquius</strong></span> <span class='ocrx_word' id='word_1_209' title='bbox 1033 3301 1206 3382; x_wconf 88' lang='lat' dir='ltr'><strong>exemplum</strong></span> 
     </span>
     <span class='ocr_line' id='line_1_29' title="bbox 183 3389 1204 3485; baseline 0.011 -31"><span class='ocrx_word' id='word_1_210' title='bbox 183 3390 273 3454; x_wconf 90' lang='lat' dir='ltr'><strong>huius</strong></span> <span class='ocrx_word' id='word_1_211' title='bbox 294 3389 414 3455; x_wconf 87' lang='lat' dir='ltr'><strong>formae</strong></span> <span class='ocrx_word' id='word_1_212' title='bbox 439 3392 491 3455; x_wconf 83' lang='lat' dir='ltr'><strong>vel</strong></span> <span class='ocrx_word' id='word_1_213' title='bbox 518 3393 807 3480; x_wconf 83' lang='lat' dir='ltr'><strong>plusquamperfecti</strong></span> <span class='ocrx_word' id='word_1_214' title='bbox 833 3398 1005 3482; x_wconf 76' lang='grc' dir='ltr'><strong><em>ἑστάκειν,</em></strong></span> <span class='ocrx_word' id='word_1_215' title='bbox 1031 3404 1132 3485; x_wconf 85' lang='lat' dir='ltr'><strong>qualia</strong></span> <span class='ocrx_word' id='word_1_216' title='bbox 1164 3421 1204 3466; x_wconf 85' lang='lat' dir='ltr'><strong>ex</strong></span> 
     </span>
     <span class='ocr_line' id='line_1_30' title="bbox 182 3492 1203 3582; baseline 0.011 -25"><span class='ocrx_word' id='word_1_217' title='bbox 182 3495 308 3578; x_wconf 76' lang='lat' dir='ltr'><strong>Polybio</strong></span> <span class='ocrx_word' id='word_1_218' title='bbox 338 3493 438 3557; x_wconf 86' lang='lat' dir='ltr'><strong>Dione</strong></span> <span class='ocrx_word' id='word_1_219' title='bbox 454 3492 562 3578; x_wconf 82' lang='lat' dir='ltr'><strong>Chrys.</strong></span> <span class='ocrx_word' id='word_1_220' title='bbox 583 3497 722 3582; x_wconf 80' lang='lat' dir='ltr'><strong>Longino</strong></span> <span class='ocrx_word' id='word_1_221' title='bbox 737 3502 898 3571; x_wconf 85' lang='lat' dir='ltr'><strong>Athenaeo</strong></span> <span class='ocrx_word' id='word_1_222' title='bbox 925 3506 1091 3571; x_wconf 88' lang='lat' dir='ltr'><strong>attulerunt</strong></span> <span class='ocrx_word' id='word_1_223' title='bbox 1112 3506 1203 3570; x_wconf 89' lang='lat' dir='ltr'><strong>Butt-</strong></span> 
     </span>
     <span class='ocr_line' id='line_1_31' title="bbox 182 3597 1203 3691; baseline 0.01 -30"><span class='ocrx_word' id='word_1_224' title='bbox 182 3615 313 3663; x_wconf 85' lang='lat' dir='ltr'><strong>mannus</strong></span> <span class='ocrx_word' id='word_1_225' title='bbox 335 3606 367 3662; x_wconf 90' lang='lat' dir='ltr'><strong>et</strong></span> <span class='ocrx_word' id='word_1_226' title='bbox 386 3597 558 3664; x_wconf 85' lang='lat' dir='ltr'><strong>Lobeokius</strong></span> <span class='ocrx_word' id='word_1_227' title='bbox 579 3616 626 3681; x_wconf 76' lang='lat' dir='ltr'><strong>qr.</strong></span> <span class='ocrx_word' id='word_1_228' title='bbox 650 3620 697 3685; x_wconf 85' lang='lat' dir='ltr'><strong>gr.</strong></span> <span class='ocrx_word' id='word_1_229' title='bbox 726 3603 761 3688; x_wconf 91' lang='grc'><strong>11,</strong></span> <span class='ocrx_word' id='word_1_230' title='bbox 784 3603 848 3672; x_wconf 87' lang='grc'><strong>208</strong></span> <span class='ocrx_word' id='word_1_231' title='bbox 869 3628 916 3691; x_wconf 90' lang='lat' dir='ltr'><strong>sq.</strong></span> <span class='ocrx_word' id='word_1_232' title='bbox 968 3607 1056 3672; x_wconf 90' lang='lat' dir='ltr'><strong>Adde</strong></span> <span class='ocrx_word' id='word_1_233' title='bbox 1085 3627 1125 3673; x_wconf 90' lang='lat' dir='ltr'><strong>cx</strong></span> <span class='ocrx_word' id='word_1_234' title='bbox 1151 3610 1203 3671; x_wconf 91' lang='lat' dir='ltr'><strong>in·</strong></span> 
     </span>
    </p>
   </div>
   <div class='ocr_carea' id='block_1_6' title="bbox 183 3701 1203 3884">
    <p class='ocr_par' dir='ltr' id='par_1_11' title="bbox 183 3701 1203 3884">
     <span class='ocr_line' id='line_1_32' title="bbox 183 3701 1203 3791; baseline 0.01 -25"><span class='ocrx_word' id='word_1_235' title='bbox 183 3702 348 3783; x_wconf 87' lang='lat' dir='ltr'><strong>scriptione</strong></span> <span class='ocrx_word' id='word_1_236' title='bbox 369 3701 508 3766; x_wconf 81' lang='lat' dir='ltr'><strong>&#39;l&#39;lreraea</strong></span> <span class='ocrx_word' id='word_1_237' title='bbox 529 3702 624 3790; x_wconf 83' lang='lat'>2448,</span> <span class='ocrx_word' id='word_1_238' title='bbox 647 3706 668 3791; x_wconf 95' lang='lat' dir='ltr'><strong>l,</strong></span> <span class='ocrx_word' id='word_1_239' title='bbox 692 3708 928 3790; x_wconf 65' lang='lat' dir='ltr'><strong>discocunt,</strong></span> <span class='ocrx_word' id='word_1_240' title='bbox 959 3712 1032 3777; x_wconf 82' lang='lat' dir='ltr'><strong>coll‘</strong></span> <span class='ocrx_word' id='word_1_241' title='bbox 1058 3712 1203 3777; x_wconf 87' lang='lat' dir='ltr'><strong>Ahrentis</strong></span> 
     </span>
     <span class='ocr_line' id='line_1_33' title="bbox 184 3801 498 3884; baseline 0.013 -19"><span class='ocrx_word' id='word_1_242' title='bbox 184 3801 251 3865; x_wconf 80' lang='lat' dir='ltr'><strong>dial.</strong></span> <span class='ocrx_word' id='word_1_243' title='bbox 271 3803 346 3867; x_wconf 86' lang='lat' dir='ltr'><strong>Dor.</strong></span> <span class='ocrx_word' id='word_1_244' title='bbox 369 3803 498 3884; x_wconf 70' lang='lat' dir='ltr'><strong>peta.</strong></span> 
     </span>
    </p>
   </div>
   <div class='ocr_carea' id='block_1_7' title="bbox 182 3898 1205 4210">
    <p class='ocr_par' dir='ltr' id='par_1_12' title="bbox 182 3898 1205 4210">
     <span class='ocr_line' id='line_1_34' title="bbox 248 3898 1203 4002; baseline 0.019 -38"><span class='ocrx_word' id='word_1_245' title='bbox 248 3898 297 3984; x_wconf 89' lang='grc'><strong>13,</strong></span> <span class='ocrx_word' id='word_1_246' title='bbox 315 3901 336 3966; x_wconf 89' lang='grc'><strong>8</strong></span> <span class='ocrx_word' id='word_1_247' title='bbox 357 3902 654 3993; x_wconf 76' lang='grc' dir='ltr'><strong><em>Ἀριστοφῶντα</em></strong></span> <span class='ocrx_word' id='word_1_248' title='bbox 677 3906 745 3978; x_wconf 80' lang='grc' dir='ltr'><strong>τὸν</strong></span> <span class='ocrx_word' id='word_1_249' title='bbox 766 3905 973 4002; x_wconf 83' lang='grc' dir='ltr'><strong><em>Ἀζηνιὲα]</em></strong></span> <span class='ocrx_word' id='word_1_250' title='bbox 995 3917 1105 3982; x_wconf 80' lang='lat' dir='ltr'><strong>Senon.</strong></span> <span class='ocrx_word' id='word_1_251' title='bbox 1133 3917 1203 3982; x_wconf 90' lang='lat' dir='ltr'><strong>Ae-</strong></span> 
     </span>
     <span class='ocr_line' id='line_1_35' title="bbox 182 4006 1205 4107; baseline 0.015 -36"><span class='ocrx_word' id='word_1_252' title='bbox 182 4007 277 4072; x_wconf 87' lang='lat' dir='ltr'><strong>schin.</strong></span> <span class='ocrx_word' id='word_1_253' title='bbox 301 4006 449 4072; x_wconf 83' lang='lat' dir='ltr'><strong>Timarch.</strong></span> <span class='ocrx_word' id='word_1_254' title='bbox 462 4009 504 4073; x_wconf 83' lang='grc'><strong>64</strong></span> <span class='ocrx_word' id='word_1_255' title='bbox 527 4011 759 4100; x_wconf 74' lang='grc' dir='ltr'><strong><em>κεκωμῴδηται</em></strong></span> <span class='ocrx_word' id='word_1_256' title='bbox 781 4012 801 4082; x_wconf 82' lang='grc' dir='ltr'><em>ὅ</em></span> <span class='ocrx_word' id='word_1_257' title='bbox 819 4009 1029 4104; x_wconf 80' lang='grc' dir='ltr'><strong><em>Ἀριστοφῶν</em></strong></span> <span class='ocrx_word' id='word_1_258' title='bbox 1051 4016 1094 4094; x_wconf 80' lang='grc' dir='ltr'><strong>ὥς</strong></span> <span class='ocrx_word' id='word_1_259' title='bbox 1115 4016 1205 4107; x_wconf 67' lang='grc' dir='ltr'><strong>ὑπὲρ</strong></span> 
     </span>
     <span class='ocr_line' id='line_1_36' title="bbox 182 4108 1204 4210; baseline 0.013 -32"><span class='ocrx_word' id='word_1_260' title='bbox 182 4108 342 4198; x_wconf 80' lang='grc' dir='ltr'><strong><em>Χάρητος</em></strong></span> <span class='ocrx_word' id='word_1_261' title='bbox 369 4113 504 4196; x_wconf 76' lang='grc' dir='ltr'><strong><em>μισθοῦ</em></strong></span> <span class='ocrx_word' id='word_1_262' title='bbox 532 4110 636 4200; x_wconf 76' lang='grc' dir='ltr'><strong><em>λέγων</em></strong></span> <span class='ocrx_word' id='word_1_263' title='bbox 665 4117 720 4185; x_wconf 78' lang='lat' dir='ltr'><strong>ccl</strong></span> <span class='ocrx_word' id='word_1_264' title='bbox 756 4114 799 4195; x_wconf 77' lang='grc' dir='ltr'><strong>ὥς</strong></span> <span class='ocrx_word' id='word_1_265' title='bbox 830 4116 1049 4208; x_wconf 79' lang='grc' dir='ltr'><strong><em>παρανόμων</em></strong></span> <span class='ocrx_word' id='word_1_266' title='bbox 1069 4115 1204 4210; x_wconf 74' lang='grc' dir='ltr'><strong><em>γραφὴν</em></strong></span> 
     </span>
    </p>
   </div>
   <div class='ocr_carea' id='block_1_8' title="bbox 0 0 1408 4896">
    <p class='ocr_par' dir='ltr' id='par_1_13' title="bbox 0 0 1408 4896">
     <span class='ocr_line' id='line_1_37' title="bbox 0 0 1408 4896; baseline 0 3"><span class='ocrx_word' id='word_1_267' title='bbox 0 0 1408 4896; x_wconf 95' lang='lat' dir='ltr'><strong> </strong></span> 
     </span>
    </p>
   </div>
  </div>
 </body>
</html>
