2806 4896
189 458 237 532 72
549 463 832 531 SGHOLlA.

188 665 252 711 non
283 651 443 727 praestare
475 641 567 707 addit
624 644 703 708 Satis
737 643 837 707 liabeo
874 641 1060 724 admonere,
1095 641 1213 708 litteras

189 773 290 836 ενεχει
311 746 481 810 luculenter
502 745 636 827 prodere
658 745 753 810 luisse
780 745 868 808 verbi
900 749 1059 831 ἐγχειρεῖν
1082 746 1213 828 aliquam

187 851 316 914 formam
349 857 545 930 usurpatam,
579 847 675 911 credo
703 849 821 936 ἔνοχοί
828 870 943 931 ρηο-ε,
974 846 1061 927 qnod
1083 856 1213 912 senteu-

187 954 250 1018 tiac
272 955 427 1017 convenit.
471 951 600 1032 lteliqua
625 952 739 1026 intacta
761 952 939 1032 relinquere
965 951 1063 1016 sadus
1090 953 1211 1016 ridetur

188 1075 280 1141 quam
301 1057 426 1120 incertia
448 1056 632 1119 coniecturis
652 1055 777 1139 ludere,
800 1073 871 1117 cunr
890 1054 1050 1116 mucium·
1064 1057 1209 1119 nesciam.

186 1159 251 1223 Nisi
273 1159 357 1241 quod
378 1160 409 1221 in
433 1183 502 1224 οπο
524 1159 611 1221 verbi
630 1155 876 1243 circumlatratur
891 1156 1022 1237 aliquam
1034 1156 1210 1237 flexionem,

187 1263 320 1329 tortasse
343 1254 603 1346 όποκρινόοθω,
632 1260 814 1326 delitescere
834 1267 871 1324 ut
891 1268 1059 1325 statuamus
1080 1264 1209 1329 suadent

188 1386 270 1452 quaa
290 1373 472 1449 sequuntur.

253 1482 305 1567 27,
330 1484 345 1546 l
371 1474 512 1566 πόοερ’
534 1472 583 1546 ού
608 1478 694 1563 ....]
721 1477 922 1562 Babingtonis
943 1482 1125 1546 coniectura
1148 1479 1212 1551 πό-

187 1583 251 1672 ιερ’
276 1580 340 1652 ούι
368 1589 471 1662 ἔξεστι
499 1582 551 1646 rel
579 1600 618 1645 eo
646 1583 768 1645 nomine
801 1582 936 1666 lalrurat,
968 1582 1053 1667 quod
1082 1589 1211 1669 spatium

188 1697 276 1755 certo
297 1689 427 1772 plurium
448 1688 617 1751 litterarum
638 1704 738 1769 capax
758 1686 823 1749 fuit.
841 1682 845 1688 ’
865 1687 931 1751 Nec
952 1696 1039 1752 mens
1051 1680 1209 1772 scriptoris

187 1811 224 1856 en
249 1811 322 1858 esse
343 1792 456 1874 potuit,
479 1798 513 1854 ut
534 1796 717 1871 quaereret,
739 1789 887 1853 liceretne
908 1793 1090 1873 periclitanti
1110 1796 1210 1858 amico

187 1897 299 1959 anxilio
329 1913 417 1976 esse,
450 1892 506 1958 sed
536 1901 637 1956 uirum
674 1910 740 1957 mos
770 1894 900 1958 civitatis
935 1913 997 1959 uon
1021 1895 1139 1982 bonne,
1170 1917 1209 1960 an

184 1999 286 2081 potins
316 1999 446 2080 optimus
477 2003 567 2062 esset.
618 1996 704 2079 Ergo
735 1993 849 2082 πότερ’
881 1991 925 2063 ον’
953 1992 1132 2068 κάλλιπον
1160 2000 1209 2063 ret

186 2091 372 2189 όηριοειιόν
393 2105 462 2167 dora
484 2101 535 2164 vel
555 2101 617 2165 tale
639 2099 711 2183 quid
733 2118 867 2182 reponas
890 2100 971 2166 licet.

251 2203 303 2287 27,
324 2202 344 2267 3
367 2200 537 2288 codron]
566 2205 612 2267 De
634 2204 749 2268 codicis
771 2203 846 2266 vitio
867 2202 932 2266 dixi
952 2224 1045 2288 supra
1066 2206 1105 2269 ad
1125 2224 1153 2288 p.
1177 2207 1206 2290 6,

185 2305 237 2373 21.
284 2306 427 2371 Getemm
448 2306 504 2371 cir.
525 2306 616 2389 lrgm.
638 2306 752 2371 llarris.
772 2305 814 2368 tx
836 2315 868 2370 et
888 2305 977 2372 xvtt.

249 2410 302 2493 27,
324 2409 346 2473 8
368 2407 568 2495 [όνούειν]
592 2405 792 2492 κολούειν]
825 2409 895 2473 Non
923 2410 1058 2476 dubitavi
1080 2414 1208 2478 verbum

186 2507 325 2578 ύκούειν
355 2511 500 2595 cancellis
530 2512 800 2594 circumscribere,
832 2528 901 2576 cnm
931 2521 1037 2594 aperte
1063 2516 1208 2600 abundet,

185 2613 252 2676 rive
274 2612 345 2676 illud
368 2631 409 2676 ex
436 2612 639 2696 dittographia
668 2613 826 2695 archetypi
857 2622 959 2678 natum
989 2623 1038 2680 est
1069 2618 1137 2680 sive
1168 2639 1209 2681 ex

184 2717 324 2780 similium
349 2717 486 2782 locorum
514 2726 714 2801 praepostera
744 2718 958 2784 recordatione
993 2720 1116 2803 irrepsit
1151 2742 1208 2806 per

186 2836 299 2885 mum.
747 2845 750 2848 ,

251 2923 303 3006 27,
328 2920 369 2986 13
407 2923 474 2990 καὶ
501 2925 573 3007 ἐμὲ
595 2925 676 3006 μὲν
697 2922 814 3010 αἰτιᾷ
835 2924 919 3008 πό]
953 2924 1082 2991 Pulchre
1111 2929 1207 2992 sensit

184 3026 333 3108 Babingto
355 3026 546 3110 respondere
567 3025 743 3109 Hyperiden
766 3026 804 3090 ad
826 3045 864 3091 ea
886 3046 967 3109 quae
988 3048 1030 3093 ex
1044 3029 1206 3113 Lycurgea

184 3131 323 3194 oratione
345 3132 480 3194 serravit
501 3129 610 3195 suidas
631 3147 656 3194 s.
678 3149 708 3194 u.
729 3131 922 3219 μοχθηρία·
950 3133 1147 3216 Λνοιούργοα
1168 3138 1206 3201 ἐν

184 3234 232 3321 τῷ
256 3227 340 3300 saed
363 3228 599 3316 Λυκόφρονος·
631 3225 711 3311 „Ov’
732 3225 798 3318 ydp
822 3231 919 3299 ύοιον
947 3227 1010 3301 τόν
1038 3230 1121 3307 τούς
1149 3260 1208 3320 γε·

183 3334 402 3420 γραμριένονα
432 3329 578 3418 νόμους,
599 3327 653 3402 dr'
684 3321 733 3401 ὧν
759 3326 782 3419 ἦ
809 3333 1020 3419 όηριοιιροτιά
1044 3332 1206 3417 ‘occasun

184 3438 463 3522 παραβαίνοντα,
495 3437 615 3521 όεὲροιν
646 3436 682 3503 δὲ
710 3439 895 3524 μοχθηρῶν
925 3433 1087 3523 ἐξηγητὴν
1112 3441 1205 3504 ἐθῶν

183 3541 240 3608 ael
274 3539 472 3624 νομοθέτην
503 3531 693 3623 γινόμενον
724 3536 940 3625 deposcere
972 3538 1147 3626 α’φεῖνοι“,
1175 3562 1204 3608 v.

183 3643 308 3725 Sauppii
328 3642 448 3724 irgmm.
472 3641 514 3706 70
535 3661 566 3727 p.
587 3641 676 3709 269¹.

247 3753 300 3834 27,
326 3753 365 3816 15
400 3748 699 3838 ύπερπηόῆοοο
720 3749 884 3828 πάντας
907 3748 1205 3840 rodselmus]

183 3855 330 3936 Exempla
349 3874 477 3938 prorsus
499 3857 605 3923 similia
626 3876 667 3920 ex
689 3857 898 3922 Demosthene
920 3867 951 3925 et
970 3859 1125 3925 Aeschine
1146 3862 1207 3924 ha-

185 3961 238 4023 bet
259 3957 414 4023 Weberus
436 3960 474 4024 ad
496 3968 580 4025 oret
594 3960 773 4025 Aristocrat.
797 3960 839 4024 73
861 3982 890 4044 p.
911 3963 985 4028 276.

202 4069 205 4075 ’
247 4058 299 4144 27,
325 4055 365 4122 18
397 4055 631 4147 αἰιίνόννος]
655 4063 710 4127 olr.
734 4082 825 4146 supra
849 4076 876 4145 p.
900 4065 943 4129 58
965 4085 1011 4155 sq.

250 4168 301 4253 27,
327 4165 367 4229 19
390 4169 619 4256 τραγῳδίαι
642 4219 679 4234 ..
705 4219 712 4235 .
737 4169 757 4254 .]
791 4171 874 4249 „The
896 4189 989 4237 senae
1017 4188 1150 4254 appears
1174 4180 1207 4236 to
